2675 4409
831 266 965 313 LIB-
1007 266 1114 313 m.
1161 264 1360 312 cARM.
1406 265 1608 354 X.Xm⁰

806 586 1264 653 CARM‘EN
1324 587 1583 654 XXII
1613 636 1636 657 .

513 930 834 995 Mem-nm
864 938 1064 993 custos
1093 940 1544 1016 nemorumque,
1568 931 1785 1016 Virgo,

513 1016 686 1091 Quae
717 1017 1054 1079 laborantes
1083 1026 1258 1078 utero
1283 1017 1521 1098 puellas

515 1103 637 1167 Ter
668 1111 880 1165 vocata
909 1101 1081 1163 audis
1111 1100 1439 1183 adimisque
1470 1103 1611 1183 leto,

857 1186 1017 1249 Diva
1047 1186 1349 1264 triformis,
1472 1264 1483 1275 ·

512 1271 841 1336 Imminens
869 1272 1046 1335 villae
1077 1278 1182 1334 tua
1208 1271 1385 1354 pinus
1412 1276 1564 1351 esto,

511 1356 710 1431 Quam
739 1378 850 1442 per
877 1373 1117 1421 exactos
1146 1378 1260 1439 ego
1289 1357 1485 1420 laetus
1514 1376 1701 1421 annos
1814 1390 1827 1401 -

512 1442 730 1510 Verris
757 1442 1060 1526 obliquum
1088 1442 1433 1505 meditantis
1462 1442 1649 1506 ictum

853 1526 1162 1612 Sanguine
1191 1526 1430 1591 donem.

769 1952 1243 2020 GARMEN
1301 1953 1645 2020 XXIII.

591 2297 806 2363 GAnLo
836 2296 1080 2381 supinas
1109 2296 1161 2360 si
1189 2296 1399 2361 tuleris
1426 2317 1639 2361 manus

589 2383 902 2449 nascente
933 2383 1129 2462 Luna,
1157 2384 1387 2447 rustica
1414 2382 1697 2469 Phidyle,

683 2467 754 2534 Si
781 2469 958 2531 thure
987 2468 1246 2551 placaris
1273 2476 1338 2532 et
1366 2469 1555 2532 horna

764 2553 969 2635 Fruge
1000 2552 1190 2617 Lares
1241 2554 1539 2637 avidaque
1568 2573 1776 2637 porca,

591 2638 730 2703 Nec
759 2640 1138 2723 pestilentem
1167 2641 1387 2703 sentiet
1414 2639 1695 2702 Africum

585 2724 880 2790 Fecunda
905 2723 1044 2787 vitis
1093 2745 1208 2788 nec
1237 2725 1503 2789 sterilem
1530 2743 1707 2806 seges

678 2809 1038 2892 Robiginem
1090 2818 1197 2873 aut
1224 2811 1435 2873 dulces
1462 2808 1687 2872 alumni

759 2895 1062 2958 Pomifero
1095 2916 1278 2977 grave
1309 2904 1547 2979 tempus
1576 2915 1754 2959 anno.

588 2978 752 3043 Nam
783 3000 940 3064 quae
967 2980 1150 3043 nivali
1177 2982 1446 3064 pascitur
1472 2980 1699 3063 Algido

590 3066 832 3130 Devota
858 3086 1118 3149 quercus
1147 3066 1307 3129 inter
1334 3074 1400 3130 et
1425 3066 1594 3129 ilices

676 3151 812 3214 Aut
841 3152 1060 3214 crescit
1088 3152 1343 3215 Albanis
1371 3152 1433 3215 in
1461 3152 1661 3216 herbis

761 3234 1035 3299 Victima
1063 3238 1406 3321 pontificum
1434 3257 1677 3302 secures

594 3319 848 3385 Cervice
880 3322 1110 3404 tinget:
1157 3330 1219 3385 te
1247 3324 1397 3385 nihil
1426 3323 1645 3386 attinet

585 3405 848 3470 Tentare
877 3409 1068 3471 multa
1095 3408 1280 3471 caede
1310 3408 1643 3472 bidentium

672 3492 904 3556 Parvos
933 3501 1316 3557 coronantem
1346 3494 1577 3556 marino

751 3577 914 3641 Rore
945 3578 1090 3641 deos
1116 3578 1435 3662 fragilique
1465 3584 1687 3663 myrto.

582 3659 878 3727 Immunis
909 3685 1074 3727 aram
1102 3665 1154 3728 si
1181 3665 1384 3747 tetigit
1410 3684 1647 3745 manue,

585 3746 730 3811 Non
757 3756 1107 3897 sump'tluosa
1131 3750 1405 3815 blandior
1430 3750 1625 3814 hostia

2077 307 2107 345 -.
2174 250 2259 317 m

2182 3089 2243 3141 10

2181 3512 2241 3561 15
