2675 4409
952 239 1082 285 ΗΒ.
1126 240 1204 287 Π..
1252 240 1451 287 cARM.
1498 242 1597 289 1v.

663 391 762 456 De
793 398 975 473 gente
1006 392 1117 455 sub
1148 393 1286 456 divo
1316 396 1589 474 moreris,

751 477 1022 543 Victima
1048 479 1134 541 nil
1163 480 1501 544 miserantis
1534 480 1699 545 Orci.

579 560 809 626 Omnes
839 564 1048 626 eodem
1075 566 1365 647 cogimur,
1431 566 1694 631 omnium

578 646 884 713 Versatur
910 670 1064 713 urna
1091 651 1282 713 serius
1310 652 1477 715 ocius

666 733 813 798 Sors
841 734 1077 798 exitura
1128 743 1192 798 et
1219 756 1328 799 nos
1360 737 1424 800 in
1452 743 1767 803 aeternum

749 820 1020 885 Exilium
1071 820 1423 907 impositura
1451 824 1725 889 cumbae.

873 1246 1415 1314 ·GARMEN
1471 1249 1612 1316 IV.

567 1586 678 1652 NB.
711 1587 790 1652 sit
819 1589 1070 1653 ancillae
1099 1589 1210 1653 tibi
1239 1610 1407 1653 amor
1432 1590 1667 1675 pudori,

563 1673 844 1738 Xanthia
872 1674 1158 1740 Phoceu!
1205 1675 1384 1739 Prius
1413 1676 1769 1743 insolentem

573 1760 770 1826 Serva
795 1760 1024 1825 Briseis
1053 1762 1228 1824 niveo
1258 1762 1453 1825 colore

913 1846 1112 1910 Movit
1138 1846 1484 1910 Achillem·
1466 1894 1487 1924 ‚

574 1932 764 1997 Movit
790 1931 1048 2016 Ajacem
1075 1932 1398 1995 Telamone
1428 1939 1636 1997 natum

574 2018 790 2083 Forma
817 2019 1090 2100 captivae
1121 2017 1424 2081 dominum
1454 2018 1811 2085 Tecmessae
1835 2038 1856 2100 ς

565 2104 742 2168 Arsit
767 2102 1021 2167 Atrides
1050 2104 1290 2167 medio
1273 2125 1336 2166 ιιι
1368 2103 1665 2189 triumpho

911 2188 1168 2271 Virgine
1198 2196 1396 2272 rapta,

565 2273 878 2338 Barbarae
907 2282 1220 2357 postquam
1251 2274 1527 2338 cecidere
1560 2280 1790 2340 turmae

560 2359 849 2423 Thessalo
877 2358 1104 2423 victore
1157 2366 1220 2423 et
1248 2360 1565 2445 ademptus
1597 2362 1838 2428 Hector

561 2444 840 2509 Tradidit
866 2446 1039 2509 fessis
1067 2446 1293 2510 leviora
1322 2446 1450 2510 tolli

905 2530 1208 2614 Pergama
1239 2530 1437 2595 Grais.

563 2614 822 2680 Nescias
875 2638 951 2679 an
973 2624 1035 2679 te
1067 2638 1362 2699 generum
1387 2617 1550 2680 beati

560 2700 857 2787 Phyllidis
882 2703 1076 2765 flavae
1107 2702 1396 2765 decorent
1424 2706 1704 2785 parentes
1727 2723 1747 2764 ε

559 2787 824 2872 Regium
853 2795 1018 2852 certe
1049 2808 1240 2869 genus
1270 2794 1334 2851 et
1378 2794 1629 2872 penates

901 2872 1186 2937 Maeret
1169 2874 1424 2957 miquos.

559 2956 758 3023 Crede
787 2980 908 3022 non
934 2959 1097 3023 illam
1128 2959 1234 3021 tibi
1265 2960 1341 3021 de
1372 2959 1629 3023 scelesta

557 3042 746 3107 Plebe
777 3044 1078 3125 dilectam,
1107 3066 1306 3127 neque
1337 3044 1422 3107 sic
1452 3044 1714 3143 fidelem,

493 3164 502 3173 ·
561 3127 664 3193 Sic
694 3131 860 3193 lucro
890 3151 1162 3193 aversam
1193 3129 1453 3213 potuisse
1483 3130 1649 3193 nasci

894 3215 1096 3279 Matre
1127 3213 1431 3298 pudenda.

555 3298 820 3363 Brachia
849 3307 913 3363 et
945 3302 1177 3363 voltum
1210 3307 1553 3382 teretesque
1583 3318 1755 3363 suras

553 3384 807 3468 Integer
832 3386 1055 3463 laudo;
1100 3386 1245 3467 fuge
1275 3385 1589 3467 suspicari,

555 3469 743 3557 Cujus
773 3479 1051 3537 octavum
1080 3470 1405 3554 trepidavit
1434 3478 1603 3533 aetas

901 3557 1198 3621 Claudere
1228 3558 1505 3620 lustrum.
1634 3618 1640 3625 ,

2240 230 2323 294 35

2244 2385 2305 2435 1⁰

2242 2810 2299 2859 15
