2675 4409
981 725 1061 803 Q.
1091 723 1469 790 HORATII
1511 719 1829 788 FLACGI

895 889 2008 1054 EPODON'

1282 1215 1528 1271 LIBER.

1256 1440 1566 1486 —4—

1099 1635 1580 1704 GARMEN
1635 1635 1714 1704 1.

723 1875 868 1943 IBIS
897 1873 1179 1938 Liburnis
1207 1873 1368 1939 inter
1397 1874 1520 1939 alta
1547 1873 1814 1960 navium,

803 1961 1045 2040 Amice,
1074 1962 1547 2045 propugnacula,

720 2046 983 2112 Paratus
1012 2068 1183 2109 omne
1218 2046 1494 2111 Caesaris
1522 2046 1860 2132 periculum

808 2130 1046 2212 Subire,
1077 2132 1428 2212 Maecenas,
1457 2138 1576 2194 iano,

720 2217 881 2294 Quid
910 2239 1040 2294 nos,
1109 2218 1323 2301 quibus
1355 2225 1414 2280 te
1448 2217 1571 2280 vita
1599 2216 1651 2280 si
1679 2217 2002 2302 superstite

802 2263 1112 2381 «Iucunda,
1141 2304 1191 2366 si
1222 2309 1432 2365 contra
1483 2303 1735 2385 gravis?

722 2388 1023 2454 Utrumne
1043 2389 1199 2472 jussi
1226 2409 1658 2471 persequemur
1686 2390 1894 2470 otium,

805 2473 871 2537 N
872 2495 949 2537 on
978 2472 1153 2536 dulce
1204 2473 1269 2534 ni
1299 2481 1500 2535 tecum
1529 2473 1726 2553 simul,

725 2559 833 2624 An
859 2560 1019 2622 hunc
1050 2559 1315 2621 laborem
1343 2566 1545 2620 mente
1574 2559 1757 2623 laturi
1805 2559 1984 2624 decet

804 2643 941 2718 Qua
967 2645 1128 2708 ferre
1158 2665 1277 2707 non
1306 2644 1512 2707 molles
1542 2645 1699 2709 viros
1723 2645 1752 2708 ⁴?

722 2730 1014 2796 Feremus
1069 2736 1131 2793 et
1159 2736 1221 2793 te
1250 2731 1350 2793 vel
1378 2752 1488 2814 per
1515 2731 1815 2816 Alpium'
1785 2751 1942 2818 Juga

805 2815 1235 2899 Inhospitalem
1266 2824 1328 2879 et
1360 2815 1719 2898 Caucasum,
1785 2833 1792 2838 ·

722 2900 847 2966 Vel
878 2901 1225 2964 Occidentis
1254 2923 1446 2984 usque
1478 2901 1557 2965 ad
1587 2904 1859 2966 ultimum
1887 2902 2084 2968 sinum

807 2985 977 3050 Forti
1006 3008 1326 3070 sequemur
1355 2994 1619 3085 pectore:

726 3072 933 3155 Roges
987 3079 1155 3134 tuum
1186 3071 1388 3133 labore
1421 3070 1613 3154 quid
1585 3092 1795 3155 Juvem
1823 3093 1980 3160 me0‚

814 3157 1082 3221 Imbellis
1111 3176 1181 3218 ac
1210 3156 1420 3217 firmus
1449 3176 1702 3237 pamm.
1681 3155 1708 3202 Ῥ

733 3242 945 3306 Comes
974 3241 1198 3303 minore
1228 3260 1361 3302 sum
1389 3241 1672 3302 futurus
1656 3262 1718 3303 m
1745 3247 1936 3326 metu,

666 3323 671 3328 ’
796 3325 913 3400 Qui
943 3326 1133 3408 major
1163 3325 1442 3388 absentes
1472 3326 1696 3403 habet3

732 3410 828 3476 Ut
856 3411 1123 3474 assidens
1151 3411 1530 3494 implumibus
1559 3413 1735 3494 pullis
1763 3413 1892 3478 avis

822 3495 1204 3580 Serpenffium
1234 3497 1494 3581 allapsus
1524 3498 1695 3562 timet

731 3580 935 3666 Magis
965 3582 1211 3661 relictis,
1241 3605 1383 3663 non,
1413 3588 1484 3646 ut
1513 3584 1692 3665 adsit,
1722 3584 1906 3648 auxili

816 3667 1049 3734 Latura
1074 3669 1210 3756 plus
1237 3669 1675 3756 praesentibus.

2405 2665 2467 2715 10

2403 3071 2466 3146 1'5
