2675 4409
39 2811 52 2834 ·
39 2651 54 2708 Ψ
40 2575 42 2598 ·-
39 1915 62 2548 -Ὓ-’κν-ῂ-ιι

918 268 1050 316 ῙιῙΒ.
1095 266 1146 316 1.
1191 265 1395 314 EPISOE.
1443 266 1643 317 xvm.

227 427 444 494 Gloria
474 446 658 512 quem
685 443 871 506 supra
897 421 1058 488 vires
1087 428 1152 486 et
1179 420 1361 486 vestit
1390 428 1455 486 et
1481 421 1680 504 ungit,

227 515 434 588 Quem
463 519 636 576 tenet
665 509 902 592 argenti
931 509 1060 574 sitis
1089 507 1431 591 importuna
1457 507 1791 590 famesque,

228 600 433 673 Quem
459 596 834 683 paupertatis
863 593 1058 678 pudor
1085 601 1150 658 et
1176 594 1350 675 fuga,
1378 593 1549 658 dives
1578 593 1813 658 amicus

231 686 440 770 Saepe
471 685 684 746 decem
714 681 872 747 vitiis
901 681 1250 744 instructior
1277 680 1405 742 odit
1432 689 1497 742 et
1523 679 1771 744 horrete

233 773 372 834 Aut
425 771 478 834 si
506 791 624 832 non
656 766 784 831 odit
833 766 1014 849 regit,
1045 785 1116 830 ac
1148 766 1334 830 veluti
1364 765 1465 848 pia
1492 772 1689 828 mater

233 857 388 920 Plus
418 877 600 939 quam
629 875 694 916 se
723 873 936 936 sapere
966 854 1030 914 et
1058 849 1377 914 virtutibus
1410 871 1543 914 esse
1573 851 1833 932 priorem

231 942 392 1004 Vult
485 949 511 1002 t
539 940 626 1023 ait
867 957 1051 1001 vera:
1117 939 1160 973 ‘⁶
1183 934 1369 1000 Meae
1416 934 1823 1020 (contendere
1852 935 2014 1020 noli)

237 1027 378 1090 Stul
477 1012 576 1087 atii
599 1013 680 1114 ’ῥα
707 1030 914 1086 luntur
941 1041 1084 1105 opes
1109 1040 1128 1098 ;
1176 1021 1286 1085 tibi
1313 1021 1567 1106 parvula
1595 1041 1693 1084 res
1722 1027 1856 1084 est:

231 1114 400 1175 Arta
430 1111 610 1174 decet
637 1130 850 1173 sanum
879 1108 1156 1172 comitem
1184 1113 1328 1190 toga
1354 1126 1371 1183 ;
1412 1107 1617 1170 desine
1648 1126 1883 1170 mecum

238 1194 566 1261 Gertare.”
609 1194 978 1278 Eutrapelus
1033 1192 1373 1276 cuicunque
1415 1212 1637 1256 nocere
1669 1189 1908 1254 volebat

236 1282 625 1345 Vestimfflta
654 1280 838 1344 dabat
865 1279 1135 1375 preq'qgffi
1151 1300 1166 1342 ε
1182 1279 1427 1372 ⁴beatus
1457 1277 1617 1341 enim
1634 1277 1767 1361 jam

241 1368 400 1432 Cum
428 1366 694 1452 pulchris
725 1365 941 1428 tunicis
969 1353 1174 1428 sumet*
1195 1383 1351 1426 nova
1380 1363 1626 1427 consilia
1654 1369 1720 1425 et
1744 1381 1907 1446 spes,

238 1453 519 1517 Dormiet
544 1453 608 1514 in
635 1453 856 1529 lucem,
887 1457 1084 1514 scorto
1111 1455 1430 1534 postponet
1456 1448 1775 1512 honestum

243 1537 545 1616 Officium,
573 1557 846 1600 nummos
875 1535 1096 1600 alienos
1125 1540 1356 1618 pascet,
1386 1533 1464 1598 ad
1492 1534 1680 1597 imum

240 1625 448 1691 Thrax
475 1623 594 1688 erit
643 1629 750 1687 aut
777 1621 1002 1685 olitoris
1031 1641 1144 1703 age
1202 1641 1262 1684 m
1299 1619 1481 1684 rcede
1512 1619 1829 1684 caballum.

242 1709 558 1773 Arcanum
587 1728 784 1791 neque
814 1712 884 1770 tu
911 1713 1118 1770 scruta
1283 1706 1463 1792 3illius
1490 1725 1783 1790 unquam,

245 1793 580 1859 Commissa
679 1814 756 1856 ue
785 1797 958 1873 teges
987 1798 1052 1854 et
1077 1791 1215 1854 vino
1243 1798 1437 1855 tortus
1466 1797 1530 1854 et
1555 1789 1649 1854 ira
1672 1804 1692 1864 3

242 1880 312 1943 N
312 1901 381 1943 ec
411 1887 520 1942 tua
544 1815 815 1942 lfflabis
843 1877 1048 1942 studia
1075 1883 1183 1940 aut
1211 1877 1411 1940 aliena
1437 1875 1788 1960 reprendes,

243 1965 384 2030 Nec
439 1985 577 2028 cum
606 1963 816 2026 venari
843 1964 1004 2027 volet
1031 1963 1132 2026 ille
1185 1963 1465 2046 poemata
1492 1981 1745 2061 panges.

248 2050 464 2114 Gratia
491 2051 576 2112 sic
608 2050 864 2112 fratrum
893 2045 1264 2141 geminorqm
1305 2042 1891 2136 ‘Amphionisatqne

253 2136 429 2198 Zethi
485 2135 762 2214 dissiluit,
793 2134 981 2198 donec
1013 2123 1302 2222 suspecta
1324 2126 1535 2198 §etex-0

249 2220 557 2285 Conticuit
582 2222 736 2304 lyra.
825 2219 1134 2283 Fraternis
1164 2219 1413 2282 cessisse
1445 2224 1693 2300 putatur

247 2307 522 2370 Moribus
552 2306 893 2390 Amphion:
943 2313 1012 2368 tu
1043 2304 1190 2368 cede
1223 2304 1483 2388 potentis
1514 2303 1689 2368 amici

248 2392 514 2456 Lenibus
543 2392 823 2475 imperiis,
857 2391 1206 2474 quotiesque
1237 2390 1459 2454 educet
1485 2390 1549 2452 in
1577 2410 1755 2472 agros

249 2478 486 2541 Aetolis
516 2484 764 2541 onerata
792 2477 984 2561 plagis
1002 2479 1282 2560 jumenta
1309 2496 1493 2540 canes
1534 2497 1636 2553 ue,

254 2562 453 2646 Surge
486 2569 551 2626 et
577 2563 934 2626 inhumanae
965 2562 1196 2626 senium
1227 2562 1459 2645 depone
1546 2579 1819 2640 amenas,

254 2648 488 2712 Coenes
515 2655 586 2710 ut
613 2649 840 2731 pariter
871 2649 1179 2731 pulmenta
1206 2647 1505 2710 laboribus
1534 2652 1756 2732 empta.

252 2735 538 2798 Romanis
565 2735 849 2798 sollemne
881 2733 1022 2800 viris
1051 2754 1222 2816 opus,
1255 2732 1399 2795 utile
1430 2731 1627 2796 famae

253 2820 558 2903 Vitaeque
591 2826 654 2882 et
681 2819 982 2899 membris,
1011 2818 1365 2902 praesertim
1392 2837 1533 2882 cum
1560 2815 1763 2880 valeas
1792 2819 1857 2880 et

253 2905 374 2969 Vel
405 2926 585 2968 cursu
613 2925 896 2986 superare
929 2925 1138 2970 canem
1171 2904 1266 2967 vel
1295 2903 1519 2968 viribus
1548 2922 1763 2986 aprum

257 2991 478 3061 Possis.
567 2989 750 3053 Adde
781 2990 976 3060 virilia
1003 2990 1163 3074 quod
1191 2990 1515 3074 speciosius
1544 3009 1711 3052 arma

256 3075 394 3139 Non
426 3081 520 3138 est
547 3076 651 3158 qui
682 3083 937 3139 tractet:
965 3111 1051 3122 —
1073 3077 1211 3155 scie,
1241 3097 1365 3160 quo
1395 3077 1653 3140 clamore
1684 3091 1936 3138 coronae

257 3161 496 3224 Proelia
523 3161 818 3224 sustineas
847 3162 1246 3243 campestria3
1293 3161 1555 3244 denique
1588 3179 1835 3226 saevam

257 3246 534 3310 Militiam
565 3269 715 3330 puer
725 3254 808 3342 ket
842 3246 1202 3310 Cantabrica
1229 3249 1390 3312 bella
1419 3247 1609 3313 tulisti

264 3330 381 3394 Sub
413 3332 568 3395 duce
622 3323 1383 3426 qui-ffeinfflsipsffiarthorum
1412 3333 1585 3415 signa
1614 3353 1681 3396 re
1726 3332 1817 3414 git

261 3416 320 3481 N
323 3439 460 3496 unc,
493 3425 574 3496 et,
607 3419 657 3480 si
688 3418 832 3501 quid
863 3419 1032 3482 abest
1085 3419 1256 3482 Italis
1287 3419 1595 3502 adjudicat
1656 3491 1663 3498 .
1694 3418 1825 3478 mis·

261 3501 458 3582 Ac‚ne
491 3509 550 3564 te
580 3506 854 3566 retrahas
885 3511 948 3566 et
975 3505 1393 3568 inexcusabilis
1422 3500 1625 3579 absise
1648 3535 1667 3544 ··
1708 3523 1743 3542 ’ί
1762 3513 1780 3530 ‘

264 3587 540 3660 Quamvis
569 3590 654 3650 nil
687 3596 860 3654 extra
887 3611 1202 3660 numerum
1231 3590 1447 3652 fecisse
1478 3586 1837 3668 modumque

270 3671 476 3754 Curas,
497 3675 800 3738 interdum
831 3670 1078 3757 nugaris
1103 3657 1248 3740 ⁴1¹·Jure
1279 3681 1565 3758 paterno;

268 3756 532 3824 Partitur
557 3760 768 3826 lintres
799 3761 1142 3907 ciffi-citum
1186 3759 1373 3824 Actia
1402 3776 1607 3842 pugna·

2188 248 2315 314 205

2248 695 2314 744 2²»

2251 1976 2316 2025 ⁴0

2262 3261 2325 3310 55
