2675 4409
373 261 504 330 1⁷2
1227 275 1601 382 sarpa-Anum

1021 399 1155 499 ’Ὀψὲ
1194 374 1266 412 ‘>-=
1293 383 1300 391 ,
1321 376 1332 390 ,

889 495 970 592 ,a

789 579 868 676 ψ’
1130 607 1515 674 SATIRA
1572 610 1714 676 VI.
2022 516 2094 694 s

367 783 514 850 Hoc
547 789 679 848 erat
707 783 770 848 in
801 783 992 846 votis:
1039 781 1252 849 modus
1283 781 1417 866 agri
1444 804 1564 845 non
1595 783 1683 846 ita
1710 804 1992 866 magnuS,

367 872 602 936 Hortus
634 871 734 934 ubi
767 877 831 933 et
860 875 1025 932 tecto
1058 870 1289 933 vicinus
1309 870 1479 953 jugis
1510 891 1706 952 aquae
1738 871 1870 933 fons

331 969 338 976 ”
367 958 454 1021 Et
482 959 723 1043 paulum
755 958 941 1020 silvae
973 977 1159 1038 super
1188 956 1292 1018 his·
1311 957 1485 1019 foret.
1575 957 1841 1020 Auctius
1872 962 2057 1041 atque

365 1040 447 1108 Di
479 1045 690 1108 melius
720 1044 941 1108 fecere.
1029 1041 1202 1104 Bene
1233 1048 1345 1104 est.
1436 1041 1502 1105 N
1504 1043 1545 1104 il
1576 1044 1832 1127 amplius
1862 1065 1989 1122 ore,

363 1129 535 1194 Maia
562 1139 727 1209 nate,
761 1130 873 1192 nisi
903 1135 973 1191 ut
1003 1128 1244 1212 propria
1273 1129 1426 1192 haec
1458 1129 1604 1191 mihi
1632 1151 1885 1194 munera
1913 1131 2090 1196 faxis.
2432 1153 2463 1206 5

369 1215 436 1280 Si
465 1237 663 1301 neque
693 1217 984 1301 majorem
1013 1214 1134 1278 feci
1163 1215 1396 1283 ratione
1426 1216 1585 1278 mala
1615 1238 1743 1280 rem

362 1302 500 1368 Nec
533 1325 663 1380 sum
694 1305 966 1366 facturus
998 1287 1143 1364 vitio
1172 1288 1427 1386 culpave
1459 1303 1749 1366 minorem
1778 1324 1795 1380 ;

366 1389 434 1453 Si
463 1379 718 1463 veneror
747 1391 968 1452 stultus
997 1389 1146 1451 nihil
1174 1389 1390 1452 horum
1416 1411 1432 1453 ε
1483 1394 1524 1427 “
1545 1387 1599 1452 Ο
1632 1390 1684 1453 si
1715 1391 1974 1472 angulus
2002 1391 2105 1456 ille

361 1475 677 1538 Proximus
708 1475 964 1538 accedat
991 1475 1097 1557 qui
1126 1495 1286 1538 nunc
1319 1474 1635 1538 denormat
1662 1477 1926 1558 agellum
1952 1477 1966 1543 l

363 1557 420 1624 Ο
451 1562 503 1623 si
531 1583 745 1624 urnam
776 1560 1013 1642 argenti
1043 1561 1166 1622 fors
1195 1566 1353 1643 quae
1384 1561 1531 1624 mihi
1558 1569 1872 1641 monstret,
1902 1571 1973 1626 ut
1996 1563 2083 1627 illi
2402 1581 2462 1634 ιο

360 1647 670 1709 Thesauro
701 1647 943 1708 invento
975 1646 1080 1728 qui
1107 1645 1521 1708 mercenarius
1552 1666 1767 1727 agrum

358 1731 542 1796 Illum
571 1732 766 1815 ipsum
796 1740 1098 1794 mercatus
1130 1729 1348 1809 aravit,
1379 1731 1547 1794 dives
1588 1732 1779 1794 amico

357 1817 668 1883 Hercule!
694 1817 737 1847 ’'
783 1818 834 1880 si
865 1817 1026 1900 quod
1055 1817 1230 1880 adest
1258 1822 1499 1899 gratum
1519 1818 1720 1901 juvat,
1752 1817 1867 1880 hac
1899 1839 2080 1901 prece
2110 1825 2173 1883 te
2205 1841 2350 1885 oro:

301 1901 308 1908 ’
357 1904 595 1988 Pingue
627 1925 812 1986 pecus
844 1902 1080 1966 domino
1110 1903 1300 1966 facias
1331 1910 1395 1966 et
1426 1911 1632 1967 cetera
1662 1911 1910 1984 praeter

355 1987 700 2072 Ingenium,
729 1997 922 2074 utque
953 1991 1112 2054 soles
1139 1997 1346 2054 custos
1376 1993 1520 2054 mihi
1550 1991 1847 2055 maximus
1864 1990 2059 2057 adsis·
2395 2013 2457 2067 ιε

357 2075 526 2157 Ergo
555 2076 658 2138 ubi
688 2096 784 2138 me
807 2077 868 2138 in
899 2082 1131 2138 montes
1150 2075 1227 2138 'et
1254 2075 1316 2136 in
1348 2095 1549 2138 arcem
1580 2097 1655 2138 ex
1687 2077 1833 2139 urbe
1866 2078 2115 2160 removi,

357 2161 518 2234 Quid
551 2161 714 2246 prius
744 2162 1037 2224 illustrem
1067 2161 1266 2224 satiris
1296 2182 1587 2246 musaque
1619 2161 1936 2246 pedestri?

353 2246 423 2312 N
424 2270 492 2311 ec
524 2249 682 2312 mala
710 2269 805 2311 me
838 2248 1081 2311 ambitio
1112 2248 1312 2331 perdit
1342 2269 1455 2311 nec
1487 2248 1803 2332 plumbeus
1834 2249 2068 2315 Auster

355 2334 864 2418 Auctumnusque
898 2335 1122 2416 graviS,
1155 2333 1455 2398 Libitinae
1486 2343 1774 2418 quaestus
1806 2339 2083 2408 acerbae.

356 2419 661 2484 Matutine
693 2429 890 2504 pater,
919 2442 1028 2484 seu
1056 2420 1101 2484 J
1105 2442 1218 2484 ane
1249 2421 1532 2484 libentius
1572 2423 1768 2500 audie,
2388 2445 2453 2496 20

353 2505 539 2572 Unde
568 2508 837 2572 homines
867 2529 1114 2589 operum
1145 2507 1367 2590 primos
1397 2507 1677 2591 vitaeque
1707 2509 1944 2574 labores

351 2591 712 2674 Instituunt,
742 2595 829 2658 sic
861 2594 953 2658 dis
985 2594 1294 2678 placitum,
1327 2601 1396 2656 tu
1427 2594 1705 2657 carminis
1736 2603 1865 2659 esto

352 2679 747 2764 Principium.
840 2681 1070 2744 Romae
1101 2701 1449 2764 sponsorem
1478 2703 1575 2744 me
1607 2681 1787 2765 rapis·
1878 2683 2019 2768 Eja,

351 2765 455 2830 Ne
487 2768 649 2851 prior
678 2767 871 2831 officio
899 2768 1216 2852 quisquam
1245 2767 1632 2850 respondeat,
1662 2789 1833 2850 urge.

355 2851 498 2916 Sive
530 2852 755 2936 Aquilo
788 2854 948 2916 radit
979 2862 1172 2917 terras
1189 2875 1312 2916 „seu
1342 2855 1556 2918 bruma
1585 2855 1846 2918 nivalem
2387 2877 2451 2927 25

351 2935 650 3002 Interiore
683 2939 842 3001 diem
875 2961 1028 3022 gyro
1060 2939 1265 3015 trahit,
1297 2941 1386 3002 ire
1416 2961 1666 3002 necesse
1700 2947 1810 3002 est.

350 3023 699 3103 PostmodO,
733 3025 896 3108 quod
925 3025 1007 3087 mi
1037 3025 1193 3087 obsit
1223 3025 1385 3087 clare
1418 3033 1772 3108 certumque
1804 3026 2027 3107 locut0,

351 3107 735 3172 Luctandum
765 3110 837 3180 in,
859 3111 1038 3172 turba
1069 3118 1133 3172 et
1162 3110 1441 3172 facienda
1473 3110 1691 3193 injuria
1721 3111 1928 3174 tardis·
1972 3112 2067 3178 §s

350 3199 392 3231 “
422 3194 582 3268 Quid
614 3195 724 3272 viS‚
753 3195 987 3272 insane,
1021 3202 1084 3258 et
1115 3215 1395 3283 qpasres
1425 3195 1656 3278 agis?’'
1704 3179 2015 3280 improbus
2038 3207 2220 3284 urget

349 3279 535 3346 Iratis
566 3280 844 3364 precibus
872 3299 888 3354 3
935 3285 974 3316 “
1001 3289 1068 3342 tu
1098 3282 1308 3363 pulses*
1330 3281 1505 3347 omne
1536 3281 1699 3364 quod
1730 3283 1950 3364 obstat,
2386 3307 2445 3357 3ο

347 3367 455 3431 Ad
487 3367 908 3430 Maecenatem
939 3366 1186 3430 memori
1215 3366 1267 3429 si
1295 3375 1497 3430 mente
1535 3369 1861 3432 recurras?
1884 3370 1923 3400 ”
2172 3388 2177 3394 ·

317 3451 488 3517 =Hoe
510 3455 688 3538 juvat
720 3461 782 3516 et
812 3454 972 3516 melli
999 3463 1136 3529 ⁵est;
1182 3475 1301 3516 non
1331 3455 1605 3516 mentiar.
1699 3457 1789 3517 At
1818 3457 1997 3536 simul
2024 3464 2187 3523 atras

347 3539 622 3604 Ventum
653 3547 746 3608 est
776 3539 1078 3626 Esquilias
1109 3522 1319 3602 aliena?
1332 3541 1577 3624 negotia
1608 3549 1853 3604 eentum
1868 3571 1906 3600 »Α
1927 3542 2001 3584 v*

347 3625 474 3690 Per
503 3633 688 3710 caput
713 3630 781 3689 et
807 3625 973 3689 'cirea
1003 3627 1227 3690 saliunt
1255 3628 1434 3690 latus.
1526 3631 1569 3665 ‘⁶
1594 3628 1765 3691 Ante
1796 3629 2127 3694 secundam

346 3711 604 3778 Roscius
637 3714 848 3794 orabat.
877 3713 988 3776 sibi
1019 3714 1266 3777 adesses
1296 3713 1375 3775 ad
1406 3713 1625 3777 Puteal
1658 3715 1856 3778 crae.''
1912 3745 1919 3754 ·
2377 3737 2439 3787 3⁸

347 3802 385 3835 “
403 3795 504 3862 De
531 3821 599 3864 re
633 3799 929 3863 communi
959 3801 1191 3866 scribae
1223 3820 1447 3884 magna
1475 3807 1657 3886 atque
1688 3799 1859 3868 nova‘
1874 3807 1937 3866 te

1086 3914 1098 3926 ⁸
1182 3923 1190 3930 .

527 3915 543 3955 ¹«
550 3941 571 3964 ι
578 3943 628 3962 ΑΙ
652 3942 682 3966 ι,
940 3921 980 3951 ι·
1069 3923 1076 3938 ¹
