2675 4409
1126 255 1317 304 canu.
1362 258 1456 308 11.
2210 245 2338 315 ne
2413 227 2424 236 ’

598 403 755 470 Cum
796 402 1005 470 Pallas
1042 412 1179 474 usto
1208 406 1394 472 vertit
1419 408 1572 474 iram
1599 408 1676 474 ab
1703 407 1818 474 Ilio

676 492 754 554 In
781 490 1022 576 impiam
1051 493 1261 577 Ajacis
1292 491 1522 560 ratem!

592 575 646 641 Ο
681 587 941 660 quantus
972 577 1156 642 instat
1182 579 1401 644 navitis
1429 578 1612 644 sudor
1641 580 1783 662 tuis,
2259 602 2320 650 15

671 662 925 746 Tibique
954 665 1144 747 pallor
1170 665 1374 730 luteus

587 747 669 811 Et
697 749 800 811 illa
824 769 947 813 non
977 749 1161 814 virilis
1190 749 1436 833 ejulatio

671 833 899 898 Preces
928 841 992 898 et
1020 855 1298 904 aversum
1328 835 1408 898 ad
1434 833 1480 898 J
1481 854 1676 916 ovem,

581 917 787 982 Ionius
831 918 954 984 udo
997 939 1138 982 cum
1179 911 1521 1004 remu‘giens
1547 920 1714 986 sinus

668 1003 835 1068 Noto
862 1005 1128 1071 carinam
1158 1003 1430 1092 ruperit!
2253 1027 2317 1076 m

588 1088 806 1174 Opima
846 1089 1061 1174 quodsi
1103 1090 1331 1174 praeda
1360 1111 1543 1155 curvo
1569 1090 1743 1154 litore

669 1174 952 1259 Projecta
978 1196 1217 1257 mergos
1235 1176 1491 1258 juveris,

583 1258 961 1324 Libidinosus
986 1259 1385 1324 immolabitur
1415 1280 1596 1344 caper

668 1344 755 1408 Et
782 1366 941 1429 agna
968 1345 1469 1430 Tempestatibus.

844 1821 857 1833 .
945 1767 1404 1836 CARMEN
1459 1767 1622 1838 XI.

492 2113 717 2192 PB'H'I,
744 2110 891 2176 nibil
918 2132 1015 2178 me
1068 2110 1225 2189 sieut
1252 2117 1434 2176 antea
1473 2112 1653 2197 juvat

447 2276 456 2284 ,
585 2197 863 2264 Scribere
893 2197 1219 2266 versiculos
1246 2218 1446 2262 amore
1477 2219 1827 2283 percussum
1855 2199 2050 2286 gravi,

490 2283 719 2352 Amore
772 2283 877 2368 qui
904 2305 1000 2350 me
1030 2292 1273 2368 praeter
1300 2303 1506 2348 omnes
1535 2284 1762 2370 expetit

575 2368 857 2433 Mollibus
885 2368 951 2431 in
978 2368 1178 2452 pueris
1208 2377 1314 2431 aut
1343 2369 1405 2432 in
1434 2370 1647 2454 puellis
1675 2391 1875 2436 urere.

492 2453 615 2520 Hic
643 2455 859 2520 tertius
887 2453 1248 2536 December,
1280 2475 1358 2520 ex
1380 2476 1497 2540 quo
1528 2454 1732 2524 destiti
2275 2477 2309 2526 ο

574 2540 827 2604 Inachia
852 2541 1079 2618 furere,
1106 2539 1269 2604 silvis
1296 2540 1580 2604 honorem
1609 2541 1860 2606 decutit.

488 2625 637 2691 Heu
691 2647 814 2707 me,
843 2647 953 2710 per
982 2621 1220 2689 Urbem
1244 2659 1334 2672 --
1362 2645 1504 2690 nam
1533 2621 1725 2708 pudet
1753 2616 1910 2688 tanti
1937 2617 2081 2684 mali
2101 2649 2192 2665 —

575 2711 807 2776 Fabula
834 2719 1061 2795 quanta
1081 2710 1205 2776 fui!
1279 2711 1705 2777 Conviviorum
1733 2715 1799 2772 et
1827 2707 2099 2792 poenitet
2123 2727 2142 2785 ;

486 2797 566 2862 In
594 2797 728 2881 quis
756 2805 1055 2860 amantem
1085 2804 1148 2860 et
1176 2798 1431 2879 languor
1459 2800 1522 2860 e't
1550 2796 1850 2866 silentium

571 2882 802 2965 Arguit
853 2889 916 2945 et
941 2883 1134 2946 latere
1164 2882 1388 2966 petitus
1416 2882 1532 2948 imo
1561 2881 1824 2980 spiritus.
2246 2903 2307 2952 1⁰

486 2968 793 3040 Contrane
835 2968 1071 3030 lucrum
1091 2967 1175 3032 nil
1207 2969 1405 3032 valere
1437 2967 1758 3034 candidum

573 3053 868 3138 Pauperis
897 3051 1255 3137 ingenium?
1301 3053 1599 3136 querebar
1627 3055 1945 3140 applorans
1973 3051 2107 3136 tibi,

490 3137 681 3206 Simul
710 3139 959 3204 calentis
990 3139 1431 3204 inverecundus
1461 3139 1610 3204 deus

576 3225 923 3288 Fervidiore
952 3246 1117 3288 mero
1146 3245 1370 3288 arcana
1398 3219 1699 3310 promorat
1724 3225 1877 3289 loco·

490 3309 715 3385 Quodsi
743 3311 891 3377 meis
919 3309 1221 3374 inaestuat
1244 3311 1614 3393 ‚praecordiis
2248 3331 2308 3378 15

574 3395 797 3462 Libera
823 3397 979 3475 bilis,
1010 3403 1078 3458 ut
1106 3396 1255 3458 haec
1286 3397 1528 3478 ingrata
1555 3394 1750 3460 ventis
1780 3395 2012 3460 dividat

485 3479 779 3545 Fomenta
829 3482 1044 3547 vulnus
1073 3481 1156 3544 nil
1186 3483 1408 3546 malum
1435 3483 1718 3561 levantia,

576 3565 831 3630 Desinet
861 3567 1183 3650 imparibus
1213 3575 1448 3631 certare
1477 3573 1806 3631 summotus
1835 3565 2049 3655 pudor.

494 3650 621 3716 Ubi
650 3653 801 3718 haec
832 3673 1077 3716 severus
1108 3660 1167 3715 te
1200 3653 1399 3736 palam
1425 3653 1836 3731 laudaveram,

572 3738 619 3801 J
620 3759 793 3804 ussus
826 3738 988 3802 abire
1020 3737 1261 3818 domum
1311 3738 1552 3805 ferebar
1579 3740 1808 3802 incerto
1837 3737 1992 3826 pede
2245 3757 2308 3806 20
