2675 4409
1143 295 1333 341 cnm.
1380 295 1454 341 11.
2217 279 2345 344 105

497 453 503 458 “
595 445 885 510 Libenter
911 447 1024 510 hoe
1059 453 1122 510 et
1149 451 1324 510 omne
1352 449 1701 512 militabitur

678 532 918 595 Bellum
949 534 1011 595 in
1044 540 1182 607 tuae
1214 555 1381 616 spem
1411 535 1664 615 gratiae,

586 618 731 682 Non
760 625 831 681 ιιι
848 619 1128 702 juvencis
1157 619 1386 700 illigata.
1416 621 1684 702 pluribus
2266 643 2332 692 25

675 705 908 767 Aratra
936 705 1205 766 nitantur
1232 725 1388 783 mea,

589 790 866 855 Pecusve
899 789 1170 853 Calabris
1202 798 1341 852 ante
1372 790 1536 855 sidus
1564 789 1862 855 fervidum

637 947 644 952 ,
676 875 928 938 Lucana
957 883 1150 937 mutet
1178 877 1437 958 pascuis,

590 959 814 1043 Neque
846 970 916 1023 ιιι
945 962 1190 1044 superni
1221 962 1361 1023 villa
1390 962 1653 1025 candens
1684 962 1933 1026 Tusculi

679 1045 934 1110 Circaea
964 1054 1176 1130 tangat
1206 1048 1458 1109 moenia.
2266 1071 2331 1119 30

589 1131 752 1196 Satis
781 1153 1080 1214 superque
1109 1153 1206 1194 me
1236 1132 1573 1214 benignitas
1604 1139 1711 1197 tua

673 1217 941 1280 Ditavit:
990 1217 1152 1280 haud
1180 1237 1473 1300 paravero

591 1300 768 1376 Quod
798 1309 907 1365 aut
957 1323 1173 1365 avarus
1201 1309 1273 1365 ιιι
1303 1301 1595 1366 Chremes
1646 1309 1815 1368 terra
1840 1323 2130 1389 premam,

675 1386 1022 1451 Discinetus
1052 1395 1160 1450 aut
1186 1387 1436 1473 perdam
1464 1409 1670 1473 nepos·

968 1813 1432 1880 GARMEN
1489 1815 1615 1881 ΙΙ.

587 2159 850 2224 BEATUS
879 2159 980 2222 ille
1033 2157 1136 2242 qui
1166 2159 1375 2243 procul
1404 2156 1682 2240 negotii8‚

673 2245 766 2310 Ut
794 2245 1168 2328 prisca'gens
1197 2243 1557 2323 mortalium,

585 2330 855 2395 Paterna
884 2351 1027 2392 rura
1060 2330 1246 2393 bobus
1277 2336 1524 2393 exercet
1550 2328 1697 2410 suia,

675 2414 920 2479 Solutus
949 2418 1106 2480 omni
1136 2416 1363 2478 fenore.

586 2500 808 2584 Neque
840 2500 1138 2564 excitatur
1167 2502 1417 2564 classico
1446 2501 1615 2565 miles
1644 2499 1827 2583 truci,
2295 2521 2329 2568 5

672 2585 894 2670 Neque
925 2587 1129 2651 horret
1157 2587 1376 2650 iratum
1405 2607 1593 2666 mare,

583 2670 926 2754 Forumque
956 2673 1107 2734 vitat
1136 2679 1200 2734 et
1227 2673 1488 2756 superba.
1516 2672 1738 2735 civium

675 2757 1086 2820 Potentiorum
1113 2757 1336 2822 limina.

589 2841 758 2926 Ergo
789 2850 896 2905 aut
922 2843 1128 2906 adulta
1157 2843 1368 2906 vitium
1399 2842 1727 2926 propagine

671 2930 852 2992 Altae
879 2929 1123 2991 maritat
1151 2930 1421 3012 populos,
2265 2949 2328 2999 ,ο

587 3013 724 3078 Αιιι
750 3014 812 3076 in
842 3014 1095 3077 reducta
1121 3015 1278 3077 valle
1307 3011 1703 3096 mugientium

677 3100 1034 3182 Prospectat
1059 3106 1330 3162 errantes
1361 3119 1602 3182 gregee,

589 3185 962 3267 Inutilesque
991 3185 1146 3248 falce
1178 3206 1375 3248 ramos
1405 3191 1721 3268 amputans

674 3270 996 3344 Feliciores
1023 3271 1254 3349 inserit,
1883 3307 1899 3318 ·

590 3353 725 3418 Aut
750 3376 960 3440 pressa
988 3357 1152 3439 puris
1179 3357 1361 3418 mella
1388 3355 1593 3418 condit
1621 3353 1940 3441 amphori&
2266 3373 2329 3423 15

676 3442 811 3504 Aut
837 3442 1048 3504 tondet
1075 3442 1341 3505 infirmas
1370 3461 1512 3504 oves
1534 3460 1551 3518 ;

594 3525 714 3589 'Vel
774 3548 916 3590 eum
959 3529 1246 3591 decorum
1290 3528 1535 3590 mitibus
1566 3523 1755 3609 pomis
1784 3529 1971 3608 eaput

680 3612 1065 3675 Auetumnus
1095 3613 1257 3694 agris
1287 3612 1523 3691 extulit,

596 3693 690 3759 Ut
718 3698 944 3779 gaudet
973 3698 1211 3760 insitiva
1240 3698 1573 3781 decerpens
1600 3696 1755 3780 pira,

679 3782 1027 3846 Cet-tantem
1057 3791 1118 3846 et
1147 3805 1323 3846 uvam
1358 3802 1681 3867 purpurae,
2267 3798 2333 3846 m
