2675 4409
347 240 470 311 114

1076 273 1085 280 ·
1135 259 1389 307 monos
1431 237 1642 308 filiun.

601 419 1047 504 Hostiliumque
1075 421 1317 484 navium
1349 428 1528 504 portu
1554 421 1746 484 latent

687 505 931 589 Puppes
961 507 1360 571 sinistrorsum
1391 507 1568 571 citae.

602 589 676 656 Io
705 590 1056 675 Triumphe,
1112 600 1179 656 tu
1209 593 1457 656 moraris
1488 613 1702 658 aureos

689 676 919 741 Currus
972 685 1036 741 et
1061 678 1319 741 intactas
1348 676 1578 742 boves?

600 759 675 826 Io
705 761 1055 847 Triumphe,
1115 785 1229 826 nec
1257 764 1302 827 J
1303 763 1627 848 ugurthino
1654 783 1863 847 parem

687 847 861 911 Bello
889 849 1208 932 reportasti
1236 849 1475 928 ducem,

601 931 823 1015 Neque
852 934 1233 1009 Africanum,
1262 933 1362 997 cui
1391 955 1572 1016 super
1587 933 2032 1019 Karthaginem

689 1018 905 1082 Virtus
933 1021 1273 1102 sepulcrum
1302 1019 1590 1083 condidit.

603 1101 795 1168 Terra
822 1106 1091 1187 marique
1121 1105 1314 1178 victus
1343 1105 1528 1168 hostis
1559 1105 1775 1189 punico

686 1188 973 1272 Lugubre
1002 1189 1257 1253 mutavit
1284 1211 1518 1273 sagum.

601 1272 739 1339 Aut
766 1276 865 1338 ille
888 1281 1129 1339 centum
1157 1275 1416 1339 nobilem
1445 1274 1692 1339 Cretam
1717 1274 1966 1355 urbibus

689 1360 908 1426 Ventis
936 1361 1130 1424 iturus
1157 1382 1278 1424 non
1304 1361 1450 1443 suis,

604 1443 985 1510 Exercitatas
1014 1453 1121 1511 aut
1149 1446 1301 1529 petit
1333 1445 1549 1529 Syrtes
1577 1445 1765 1526 Noto,

688 1531 824 1593 Aut
850 1531 1045 1592 fertur
1071 1531 1301 1592 incerto
1328 1531 1500 1594 mari.

606 1611 967 1696 Capaciores
996 1616 1144 1676 affer
1175 1615 1316 1693 huc,
1348 1636 1521 1697 puer,
1552 1614 1810 1700 scyphos

689 1698 775 1761 Et
804 1698 957 1761 Chia
984 1699 1124 1760 vina
1152 1706 1258 1762 aut
1286 1699 1527 1779 Lesbia,

602 1781 749 1860 Vel,
780 1783 939 1866 quod
965 1784 1251 1846 fluentem
1278 1805 1565 1848 nauseam
1595 1788 1900 1867 coerceat,

688 1867 911 1932 Metire
940 1868 1108 1932 nobis
1141 1867 1526 1935 Caecubum:

605 1951 830 2017 Curam
858 1962 1202 2038 metumque
1235 1952 1512 2021 Caesaris
1540 1977 1744 2020 rerum
1761 1956 1943 2042 juvat

690 2038 874 2104 Dulci
901 2039 1108 2126 Lyaeo
1136 2042 1392 2106 solvere.

1076 2462 1536 2531 CARMEN
1598 2463 1699 2530 X.

686 2810 889 2876 MALA
917 2811 1113 2874 soluta
1138 2807 1308 2872 navis
1337 2806 1464 2871 exit
1489 2807 1633 2872 alite

775 2897 1005 2958 Ferens
1035 2896 1293 2957 olentem
1322 2894 1631 2957 Maevium
1656 2917 1674 2956 ε

691 2981 784 3045 Ut
811 2979 1065 3042 horridis
1094 2986 1415 3060 utrumque
1446 2980 1724 3042 verberes
1751 2979 1933 3060 latuS,

777 3064 1030 3140 Auster,
1059 3070 1358 3126 memento
1389 3063 1667 3126 fluctibus
1701 3062 1718 3129 ἰ

691 3149 890 3230 Niger
918 3150 1203 3211 rudentes
1234 3148 1436 3210 Eurus
1487 3149 1723 3212 inverso
1749 3147 1904 3212 mari

777 3234 1147 3316 Fractosque
1176 3252 1372 3294 remos
1401 3232 1638 3296 differat
1666 3250 1686 3306 3

692 3319 983 3402 Insurgat
1012 3317 1234 3402 Aquilo
1284 3326 1546 3399 quantus
1579 3318 1715 3382 altis
1741 3317 2041 3382 mentibus

780 3405 1034 3487 Frangit
1062 3410 1390 3466 trementes
1417 3403 1584 3468 ilices
1608 3423 1626 3481 ;

694 3491 761 3556 N
763 3511 832 3554 ec
862 3491 1026 3554 sidus
1057 3497 1190 3552 atra
1218 3501 1395 3552 nocte
1428 3490 1685 3553 amicum
1713 3494 2006 3574 appareat

786 3575 921 3649 Qua
950 3576 1136 3638 tristis
1168 3574 1357 3639 Orion
1386 3575 1549 3638 cadit
1581 3594 1598 3651 ;

696 3662 1001 3740 Quietiore
1031 3683 1143 3724 nec
1173 3662 1404 3724 feratur
1435 3683 1718 3744 aequore,

783 3747 978 3825 Quam
1009 3747 1196 3813 Graia
1226 3748 1518 3812 victorum
1545 3767 1779 3826 manua,

2369 3593 2486 3667 ιο,
