2675 4409
402 11 522 102 »J

948 265 1081 312 mn.
1127 263 1206 312 11.
1251 259 1457 327 nrm.
1500 265 1581 314 11.
2188 253 2314 321 221

231 420 544 490 Narrares
569 417 859 486 medicis}
908 418 1070 504 quod
1122 425 1347 503 quanto
1375 418 1550 502 plura
1578 420 1805 504 parasti

235 508 434 572 Tanto
463 508 638 591 plura
667 505 860 590 cupiS,
891 506 1118 570 nulline
1147 505 1397 570 faterier
1426 505 1667 570 audes?

236 593 306 658 Si
338 595 556 657 vulnus
585 593 693 656 tibi
723 598 1054 656 monstrata
1082 591 1286 654 radice
1315 592 1414 655 vel
1442 591 1631 654 herba

231 681 300 744 N
301 702 381 744 on
410 681 588 743 fieret
613 678 829 756 levina,
856 679 1102 760 fugeres
1129 677 1334 740 radice
1368 677 1466 739 vel
1494 676 1683 741 herba
2218 703 2312 751 150

232 765 600 829 Proficiente
630 765 776 828 nihil
805 763 1156 827 curarierp-
1181 762 1511 839 AudieraS,
1542 762 1643 826 cui

231 852 394 915 Rem
424 851 490 914 di
516 851 812 914 donarent
861 849 946 911 illi
977 847 1272 912 decedere
1303 867 1551 931 pravam

237 935 570 1000 Stultitiam
596 956 613 1013 3
659 942 724 999 et
775 955 912 998 cum
941 933 1022 998 sis
1049 934 1232 997 nihilo
1259 933 1585 1034 sapientior
1635 954 1711 997 ex
1739 955 1859 1019 quo

231 1023 481 1087 Plenior
509 1043 598 1101 es,
625 1028 830 1084 tamen
857 1019 1045 1084 uteris
1071 1019 1458 1083 monitoribus
1487 1017 1727 1082 isdem?

232 1108 327 1172 At
357 1108 408 1170 si
439 1107 682 1171 divitiae
713 1105 1072 1190 prudentem
1101 1103 1361 1168 reddere
1390 1111 1654 1188 possent,
2216 1127 2311 1176 155

235 1193 305 1258 Si
337 1193 620 1278 cupidum
649 1191 1040 1290 timidumque
1068 1190 1264 1254 minus
1291 1197 1379 1270 te,
1406 1210 1624 1276 nempe
1650 1189 1909 1275 rubores
1943 1195 1949 1200 ’

231 1280 495 1344 Viveret
517 1278 581 1341 in
609 1277 788 1341 terris
817 1284 878 1341 te
906 1298 959 1340 si
987 1275 1120 1361 quis
1149 1275 1387 1340 avarior
1414 1296 1618 1352 uno.m

237 1363 308 1428 Si
337 1363 642 1450 proprium
673 1370 767 1427 est
817 1361 980 1462 quod
1008 1362 1142 1447 quis
1168 1361 1324 1424 libra
1348 1367 1655 1426 mercatur
1682 1368 1747 1426 et
1772 1382 1938 1446 aere,

12 1457 27 1498 Ι
235 1449 574 1530 Quaedam,
601 1449 658 1514 si
685 1448 882 1513 credis
912 1447 1218 1528 consultis,
1246 1446 1551 1531 mancipat
1577 1467 1722 1512 usus
1746 1467 1767 1528 ;

235 1535 356 1610 Qui
386 1543 448 1598 te
477 1535 670 1620 pascit
687 1555 846 1618 ager
895 1541 1038 1598 tuus
1065 1540 1188 1614 est,
1210 1539 1274 1597 et
1301 1533 1533 1597 villicus
1566 1529 1739 1615 Orbi,
2214 1554 2307 1606 loo

12 1618 23 1665 f
239 1621 396 1685 Cum
423 1629 664 1704 segetes
692 1625 868 1684 occat
893 1619 1004 1683 tibi
1030 1641 1168 1683 mcx
1195 1620 1500 1684 frumenta
1526 1617 1797 1700 daturas,

235 1707 325 1771 Te
353 1707 658 1770 dominum
685 1705 950 1780 sentit„
977 1705 1106 1769 Das
1134 1725 1427 1785 nummos,
1458 1705 1679 1790 accipis
1710 1727 1914 1788 uvam,

238 1793 466 1872 Pullos,
495 1813 630 1872 ova,
661 1791 878 1856 cadum
907 1791 1155 1854 temeti:
1201 1811 1417 1876 nempe
1445 1789 1623 1854 modo
1646 1791 1767 1856 isto
1912 1811 1923 1822 ·

237 1877 560 1942 Paullatim
587 1877 874 1942 mercaris
901 1897 1052 1960 agra
1161 1877 1415 1958 fortasse
1448 1876 1732 1941 trecentis

237 1964 370 2028 Aut
400 1963 581 2028 etiam
609 1963 794 2048 supra
819 1965 1058 2025 nummo
1161 1951 1168 1969 '
1218 1955 1477 2026 millibus
1508 1969 1805 2048 emptum,-
2213 1985 2307 2036 165

238 2048 400 2124 Quid
428 2049 620 2112 refert
709 2049 838 2112 ivas
863 2051 1178 2114 numerato
1204 2069 1401 2132 nuper
1428 2069 1507 2112 an
1536 2049 1675 2112 olim
1698 2047 1787 2136 ’ἐχ

229 2131 493 2217 Emptor
519 2071 772 2224 Ariglxns
825 2097 1088 2195 &ondam
1115 2129 1397 2196 Veientis
1426 2141 1490 2196 et
1514 2134 1647 2195 arvi

229 2218 530 2304 Emptum
554 2224 772 2288 coenat
797 2218 954 2298 olus,
980 2217 1254 2303 quamvis
1283 2218 1461 2281 aliter
1489 2224 1671 2300 putat
1700 2235 1719 2294 ;
1764 2214 1985 2301 emptis

239 2303 368 2368 Sub
397 2311 636 2368 noctem
665 2303 926 2386 gelidam
953 2304 1132 2386 ligms
1161 2302 1483 2366 calefactat
1509 2307 1729 2370 aenum
1755 2321 1774 2379 ;

155 2467 164 2474 .
239 2388 365 2454 Sed
393 2395 572 2454 vocat
597 2409 790 2474 usque
817 2409 990 2485 suum
1044 2408 1166 2470 qua
1192 2387 1451 2472 populus
1477 2386 1674 2452 adsita
1703 2387 1851 2452 cert‘
2146 2443 2153 2450 .
2214 2387 2307 2438 1⁷⁰

127 2474 552 2574 ffljsimitibus
581 2474 778 2538 vicina
805 2475 943 2537 refu
967 2441 1046 2552 ἰε
1047 2473 1294 2558 jurgia:
1325 2481 1631 2557 tamquam
1834 2407 1979 2544 ὃ(

13 2521 112 2648 Μὰ*
148 2599 183 2648 ‚2
239 2559 335 2640 S,i,t
362 2559 663 2645 proprium
693 2559 1036 2644 quidquam,
1067 2567 1288 2644 puncto
1317 2559 1478 2643 quod
1507 2558 1736 2623 mobilis
1758 2559 1943 2623 horae

12 2638 208 2706 law-“3
236 2645 420 2708 Nunc
449 2665 654 2729 prece,
683 2664 844 2709 nunc
874 2645 1090 2729 pretiO,
1119 2665 1280 2708 nunc
1309 2644 1393 2722 vi,
1422 2664 1582 2707 nunc
1612 2649 1803 2706 morte
1832 2661 2113 2728 suprema

189 2718 197 2744 ²
237 2731 554 2795 Permutet
583 2729 847 2795 dominos
877 2737 942 2794 et
969 2730 1148 2793 cedat
1175 2729 1236 2793 in
1265 2729 1459 2792 altera
1476 2729 1644 2813 jura.
1794 2796 1798 2807 ,

237 2815 343 2880 Sic
375 2816 521 2900 quia
547 2823 874 2901 perpetuus
899 2816 1050 2878 nulli
1079 2815 1260 2880 datur
1285 2835 1454 2894 usus,
1486 2822 1549 2878 et
1575 2815 1753 2877 heres
2216 2810 2311 2860 175
2352 2821 2404 2867 s

237 2902 550 2965 Heredem
578 2901 822 2965 alterius
855 2902 1022 2964 velut
1047 2901 1212 2966 unda
1241 2901 1589 2985 supervenit
1616 2898 1885 3008 undgnff

243 2986 402 3060 Quid
431 2987 550 3055 vici
577 2993 829 3071 prosunt
857 2995 964 3052 aut
990 2986 1258 3051 horrea?
1304 2986 1526 3071 quidve
1559 2984 1831 3051 Calabris
1869 2991 1887 3041 ῑ

243 3072 506 3136 Saltibus
539 3073 759 3157 adjecti
791 3071 1043 3151 Lucani,
1072 3073 1124 3136 si
1151 3073 1325 3136 metit
1357 3071 1553 3137 Orcus
1636 3063 1680 3132 Τ
1718 3063 1743 3076 “

243 3157 512 3222 Grandia
542 3179 679 3222 cum
707 3145 947 3242 parvisl'
960 3179 1081 3221 non
1111 3159 1424 3222 exorabilis
1454 3180 1601 3223 auro
1626 3156 1654 3222 ⁴?

243 3243 548 3324 Gemmas,
577 3265 858 3324 marmor,
889 3244 1064 3338 ebuy,
1089 3244 1407 3328 Tyrrhena
1434 3246 1652 3331 sigilla,
1683 3245 1962 3326 tabellae,
2219 3265 2313 3314 180

241 3329 604 3412 Argentum,
635 3337 834 3392 vestes
866 3312 1124 3393 Ga‘e‘tulo
1150 3331 1381 3394 murice
1413 3332 1656 3408 tinctae,
1978 3352 1982 3356 ·

12 3403 27 3464 5
87 3461 94 3466 -
245 3412 400 3478 Sunt
427 3415 532 3498 qui
561 3437 680 3477 non
709 3416 992 3493 habeant,
1023 3422 1118 3478 est
1147 3416 1250 3500 qui
1277 3438 1401 3479 non
1430 3423 1606 3481 curat
1632 3415 1883 3478 habere.

243 3498 368 3563 Cur
399 3502 554 3565 alter
582 3501 838 3564 fratrum
869 3521 1106 3564 cessare
1138 3509 1202 3564 et
1228 3502 1439 3565 ludere
1472 3509 1537 3565 et
1567 3499 1717 3582 ungi

240 3585 558 3650 Praeferat
585 3583 852 3650 Herodis
879 3587 1158 3670 palmetis
1185 3586 1529 3671 pinguibus,
1558 3585 1717 3648 alter

238 3671 427 3736 Dives
457 3679 522 3734 et
547 3672 919 3755 importunus
949 3671 1028 3736 ad
1056 3672 1328 3735 umbram
1355 3671 1507 3735 lucis
1536 3669 1611 3734 ab
1641 3673 1779 3732 ortu
2224 3685 2318 3736 185

13 3846 23 3902 ¹
242 3756 595 3823 Silvestrem
621 3757 976 3907 flammistgt
995 3758 1156 3822 ferro
1183 3757 1422 3842 mitiget
1448 3776 1685 3841 agrum,

12 2809 29 2847 5
