2675 4409
901 287 911 300 ⁴
980 225 1112 272 ms.
1158 225 1206 270 1.
1256 223 1393 271 su.
1436 225 1543 272 111.
2172 211 2295 277 133

207 379 428 442 Cetera
457 377 606 442 item
637 385 948 462 nequeunt
977 379 1174 442 stultis
1201 379 1535 460 haerentia,
1567 400 1677 443 cur
1704 403 1825 446 non

203 465 584 528 Ponderibus
614 465 990 548 modulisque
1021 465 1142 528 suis
1173 466 1324 528 ratio
1355 467 1557 546 utitur,
1602 487 1673 528 ac
1700 489 1799 531 res

201 551 287 614 Ut
317 573 605 634 quaeque
637 557 731 613 est
783 551 871 613 ita
897 547 1200 634 suppliciis
1229 552 1451 614 delicta
1480 553 1767 616 coercet?

202 636 266 700 Si
297 639 436 720 quis
473 659 614 699 eum
645 659 884 699 servum
938 638 1201 720 patinam
1233 638 1336 720 qui
1367 639 1573 700 tollere
1592 639 1799 722 jussus
2230 661 2295 710 80

199 721 484 785 Semesos
515 724 710 806 pisces
743 721 1162 805 trepidumque
1193 723 1497 805 ligurierit
1538 724 1643 806 jus

194 809 272 870 In
305 830 498 871 cruce
526 809 791 890 suffigat,
823 807 1103 870 Labeone
1133 808 1395 870 insanior
1424 810 1583 870 inter

198 895 394 956 Sanos
428 894 694 956 dicatur.
790 893 1028 966 Quanto
1058 894 1168 956 hoc
1200 895 1477 956 furiosius
1509 901 1691 977 atque

189 979 402 1062 Majus
435 987 758 1062 peccatum
789 986 881 1040 est
906 1003 920 1040 :
971 980 1234 1061 paullum
1265 980 1519 1062 deliquit
1547 981 1795 1058 amicuS,

191 1063 372 1136 Quod
405 1066 527 1127 nisi
559 1064 852 1126 concedas
906 1065 1165 1126 habeare
1197 1065 1485 1142 insuaviS,
1545 1066 1835 1131 acerbus:
2049 1138 2056 1145 ‚
2226 1087 2291 1134 85

190 1149 397 1213 Odisti
431 1159 498 1213 ct
526 1149 689 1232 fugis
720 1157 790 1211 ut
817 1151 1122 1212 Rusonem
1154 1150 1386 1213 debitor
1426 1151 1604 1229 aeriS,

191 1235 312 1308 Qui
343 1236 468 1298 nisi
525 1257 663 1298 cum
692 1236 896 1298 tristes
925 1236 1140 1298 misero
1177 1257 1398 1299 venere
1432 1233 1753 1298 Kalendae

187 1320 558 1384 Mercedem
588 1328 694 1384 aut
723 1343 994 1384 nummos
1023 1321 1183 1384 unde
1216 1323 1378 1384 unde
1410 1321 1685 1399 extricat,
1712 1340 1947 1384 amaras

187 1406 494 1470 Porrecto
516 1408 730 1491 jugulo
761 1407 1037 1470 historias
1067 1408 1338 1490 captivus
1370 1414 1440 1469 ut
1470 1407 1657 1469 audit.

190 1491 565 1557 comminxit
595 1495 818 1555 lectum
849 1501 1024 1576 potus
1077 1514 1356 1556 mensave
1389 1493 1654 1555 catillum
2222 1511 2288 1561 00

185 1578 474 1642 Evandri
503 1579 775 1641 manibus
807 1579 1014 1641 tritum
1045 1578 1288 1662 dejecit,
1352 1579 1425 1641 ob
1456 1579 1607 1641 hanc
1641 1598 1771 1640 rem

183 1667 322 1726 Aut
346 1665 621 1748 positum
653 1672 793 1726 ante
823 1685 960 1727 mea
989 1665 1130 1746 quia
1161 1665 1389 1746 pullum
1418 1665 1480 1726 in
1510 1672 1681 1747 parte
1714 1662 1897 1726 catini

189 1749 465 1813 Sustulit
494 1750 786 1828 esuriens,
817 1749 1011 1812 minus
1042 1750 1152 1811 hoc
1174 1749 1480 1832 jucundus
1511 1750 1735 1812 amicus

189 1834 284 1898 Sit
314 1835 519 1898 mihi?
609 1835 769 1909 Quid
800 1835 1017 1898 faciam
1069 1835 1119 1898 si
1147 1836 1377 1897 furtum
1406 1836 1640 1913 fecerit,
1671 1840 1777 1900 aut
1804 1833 1856 1897 si

183 1920 546 1984 Prodiderit
576 1921 887 1984 commissa
913 1921 1032 1982 fide
1063 1942 1419 2004 sponsumve
1450 1921 1687 2002 negarit
1711 1920 1737 1982 ἲ
2219 1938 2275 1987 οε·

187 2007 342 2079 Quis
374 2009 551 2092 paria
581 2028 713 2070 esse
744 2008 872 2069 fere
903 2007 1131 2090 placuit
1161 2014 1413 2090 peccata
1465 2001 1737 2070 laborant

186 2093 350 2156 Cum
383 2101 632 2156 ventum
665 2092 744 2154 ad
773 2115 981 2155 verum
1015 2100 1145 2168 est3
1191 2114 1402 2155 sensus
1430 2114 1743 2177 moresque
1774 2094 2115 2175 repugnant

181 2179 405 2262 Atque
432 2179 564 2262 ipsa
591 2179 840 2257 utilitas,
864 2179 1013 2262 justi
1043 2200 1228 2262 prope
1260 2189 1453 2240 mater
1487 2187 1550 2241 et
1578 2179 1776 2262 aequi.

184 2264 350 2327 Cum
383 2272 814 2348 prorepserunt
841 2265 1044 2346 primis
1074 2265 1353 2326 animalia
1382 2265 1580 2343 terriS,

179 2349 442 2414 Mutum
471 2357 534 2413 et
565 2363 735 2432 turpe
766 2371 973 2434 poem,
1005 2350 1285 2432 glandem
1315 2358 1497 2432 atque
1529 2349 1747 2412 cubilia
1774 2355 2020 2432 propter
2191 2369 2282 2417 100

181 2435 522 2520 Unguibus
553 2445 614 2498 et
645 2437 884 2519 pugnis,
917 2436 1056 2498 dein
1084 2436 1363 2515 fust-ibus,
1396 2444 1575 2519 atque
1607 2437 1693 2498 ita
1722 2457 1897 2519 porro

182 2521 562 2604 Pugnabant
590 2522 768 2584 armis
822 2543 977 2603 quae
1008 2529 1142 2604 post
1171 2522 1574 2584 fabricaverat
1602 2543 1768 2601 usuS,

184 2607 408 2670 Donec
443 2608 626 2670 verba
678 2608 892 2691 quibus
922 2628 1099 2670 voces
1129 2629 1458 2690 sensusque
1490 2611 1770 2669 notarent

187 2692 578 2776 Nominaque
609 2693 893 2756 invenere
919 2713 935 2768 ;
983 2692 1197 2756 dehinc
1229 2694 1518 2756 absistere
1548 2694 1727 2771 bello,

193 2777 442 2862 Oppida
471 2787 798 2862 coeperunt
827 2779 1055 2840 munire
1089 2786 1152 2840 et
1180 2800 1401 2862 ponere
1431 2779 1622 2860 legeS,
2186 2793 2281 2841 105

191 2863 293 2926 Ne
329 2865 463 2946 quis
491 2864 592 2926 fur
621 2871 801 2940 esset,
831 2885 953 2925 neu
981 2865 1158 2942 latro,
1188 2886 1308 2926 neu
1340 2864 1472 2946 quis
1503 2862 1761 2926 adulter.

193 2948 358 3011 Nam
389 2949 504 3012 fuit
533 2957 672 3012 ante
703 2950 1004 3011 Helenam
1035 2971 1267 3012 cunnus
1299 2950 1609 3012 teterrima
1636 2948 1778 3012 belli

202 3033 420 3113 Causa,
451 3036 558 3097 sed
589 3035 809 3116 ignotis
840 3035 1149 3118 perierunt
1178 3036 1466 3097 mortibus
1496 3036 1605 3113 illi,

201 3118 361 3192 Quos
391 3141 675 3183 venerem
704 3121 998 3182 incertam
1029 3121 1330 3202 rapientes
1360 3139 1522 3183 more
1555 3121 1820 3182 ferarum
2246 3183 2250 3188 ,

197 3204 446 3268 Viribus
479 3206 692 3268 editior
723 3205 1034 3283 caedebat,
1067 3203 1137 3267 ut
1166 3207 1225 3267 in
1259 3227 1445 3288 grege
1475 3213 1701 3268 taurus,
2187 3225 2279 3274 110

192 3289 238 3352 J
241 3312 352 3354 ura
381 3293 626 3354 inventa
657 3299 820 3354 metu
849 3293 1053 3376 injusti
1085 3293 1314 3354 fateare
1346 3313 1591 3354 necesse
1624 3300 1738 3372 est,

192 3377 491 3460 Tempora
521 3379 569 3439 si
599 3378 901 3460 fastosque
937 3377 1083 3439 velis
1115 3379 1390 3440 evolvere
1421 3378 1650 3440 mundi.

189 3461 329 3524 Nec
362 3471 580 3524 natura
610 3470 806 3546 potest
825 3464 990 3544 justo
1023 3484 1338 3525 secernere
1371 3464 1662 3546 iniquum,

187 3548 426 3610 Dividit
455 3558 524 3610 ut
554 3549 707 3610 bona
733 3549 1004 3627 diversiS,
1035 3548 1325 3631 fugienda
1360 3549 1675 3632 petendis;

188 3634 326 3697 Nec
362 3635 564 3696 vincet
593 3635 744 3696 ratio
774 3635 909 3711 hoc,
940 3635 1296 3696 tantundem
1325 3642 1395 3697 ut
1424 3652 1638 3717 peccet
1665 3632 1948 3718 idemque
2188 3651 2281 3698 115

191 3719 312 3793 Qui
343 3726 587 3782 teneros
618 3720 1032 3783 caulesalieni
1060 3721 1312 3802 fregerit
1341 3721 1497 3783 horti

881 3804 964 3868 12
