2675 4409
283 242 370 306 16

1147 253 1496 300 calumum

706 407 848 472 Fias
875 405 1202 470 recantatis
1235 405 1428 470 amica

797 492 1145 578 opprobriis
1173 491 1554 576 animumque
1586 490 1824 558 reddas.

917 918 1373 983 CARMEN
1431 916 1712 983 XVII.

618 1261 842 1327 Venox
869 1279 1180 1324 amoenum
1212 1279 1391 1343 saepe
1421 1259 1788 1346 Lucretilem

615 1347 820 1412 Mutat
851 1345 1091 1429 Lycaeo
1119 1345 1366 1409 Faunus
1419 1354 1480 1411 et
1509 1346 1748 1428 igneam

701 1432 993 1496 Defendit
1020 1438 1310 1494 aestatem
1341 1433 1585 1516 capellis

788 1515 1001 1598 Usque
1031 1514 1178 1577 meis
1208 1516 1554 1598 pluviosque
1586 1522 1817 1581 ventos.

615 1600 870 1682 Impune
902 1607 1099 1662 tutum
1126 1620 1236 1681 per
1265 1620 1475 1662 nemus
1498 1599 1743 1663 arbutos

615 1685 930 1760 Quaerunt
957 1685 1215 1746 latentes
1245 1690 1308 1744 et
1337 1684 1546 1766 thyma
1576 1682 1786 1748 deviae

708 1768 942 1833 Olentis
970 1789 1186 1830 uxores
1213 1767 1433 1846 mariti,

786 1853 922 1916 Nec
955 1852 1175 1926 virides
1203 1859 1480 1916 metuunt
1508 1851 1782 1918 colubras

613 1938 751 2004 Nec
780 1937 1094 2002 Martiales
1121 1935 1452 2002 Haedileae
1482 1938 1674 2020 lup08,

609 2025 935 2106 Utcunque
966 2022 1150 2101 dulci,
1179 2022 1469 2106 Tyndari,
1496 2023 1697 2088 fistula

695 2109 910 2174 Valles
939 2116 1003 2170 et
1030 2107 1278 2172 Usticae
1308 2107 1581 2172 cubantis

783 2193 1009 2258 Laevia
1035 2213 1396 2277 personuere
1426 2214 1591 2258 saxa.

606 2280 691 2345 Di
716 2301 813 2344 me
844 2287 1111 2358 tuentur,
1141 2278 1232 2341 dis
1273 2278 1465 2361 pietas
1494 2301 1631 2344 mea

607 2365 692 2429 Et
719 2364 896 2428 Musa
928 2364 1092 2426 cordi
1121 2370 1232 2426 est.
1321 2363 1444 2427 Hic
1478 2365 1585 2427 tibi
1613 2364 1785 2450 copia

689 2449 964 2514 Manabit
993 2449 1072 2512 ad
1101 2450 1343 2532 plenum
1371 2449 1630 2530 benigno

777 2534 958 2597 Ruris
986 2535 1275 2597 honorum
1303 2534 1585 2616 opulenta
1615 2556 1822 2600 cornu.

605 2618 730 2684 Hic
758 2619 823 2682 in
850 2619 1104 2683 reducta
1131 2620 1285 2684 valle
1319 2617 1644 2684 Caniculae

604 2705 846 2770 Vitabis
877 2713 1078 2770 aestus
1129 2713 1195 2770 et
1221 2705 1341 2770 fide
1373 2706 1522 2770 Te‘ia

690 2791 875 2856 Dices
903 2792 1241 2856 laborantes
1270 2791 1332 2856 in
1362 2814 1481 2856 uno

775 2877 1123 2961 Penelopen
1153 2879 1521 2960 vitreamque
1555 2877 1809 2954 Circen3
1874 2883 1882 2890 '

602 2961 726 3026 Hic
751 2962 1083 3024 innocentis
1113 2963 1328 3042 pocula
1356 2961 1557 3023 Lesbii

603 3047 809 3111 Duces
838 3046 948 3108 sub
976 3045 1212 3125 umbra,
1277 3065 1389 3106 nec
1424 3043 1755 3106 Semeleius

688 3130 843 3194 Cum
871 3129 1074 3192 Marte
1105 3128 1431 3191 confundet
1460 3128 1783 3210 Thyoneus

774 3214 1035 3292 Proelia,
1064 3234 1178 3276 nec
1207 3219 1439 3275 metues
1468 3219 1812 3294 protervum

605 3298 902 3381 Suspecta
931 3297 1180 3382 Cyrum,
1209 3319 1286 3360 ne
1315 3297 1469 3358 male
1501 3297 1724 3380 dispari

603 3384 1054 3450 Incontinentes
1083 3382 1310 3466 injiciat
1340 3402 1551 3444 manus

687 3470 773 3534 Et
801 3468 1037 3532 scindat
1064 3469 1413 3532 haerentem
1442 3488 1718 3533 coronam

773 3552 1051 3618 Crinibus
1101 3551 1573 3640 immeritamque
1606 3562 1854 3622 vestem.

2280 2049 2343 2100 10

2276 2473 2359 2542 15·

2271 2901 2335 2950 20
