2675 4409
844 285 1345 332 LIB.1*1.cARM.
1395 286 1539 332 XVI

656 438 1110 522 Praescriptum
1141 444 1204 501 et
1232 438 1450 503 intonsi
1482 436 1727 503 Catonis

742 524 1048 607 Auspiciis
1099 531 1492 607 veterumque
1521 547 1750 589 norma.

574 608 860 673 Privatus
888 610 1003 673 illis
1033 630 1248 673 census
1279 617 1413 673 erat
1442 611 1661 688 brevis,

575 694 906 759 Commune
935 715 1260 777 magnum:
1302 696 1470 759 nulla
1506 694 1886 779 decempedis

656 780 896 843 Metata
923 781 1170 863 privatis
1201 801 1449 863 opacam

625 924 632 931 .
745 866 1024 929 Porticus
1055 866 1397 948 excipiebat
1422 865 1683 941 Arcton,

572 950 709 1015 Nec
739 951 1050 1013 fortuitum
1079 972 1367 1034 spernere
1396 952 1729 1036 caespitem

577 1036 770 1119 Leges
797 1037 1094 1115 sinebant,
1125 1036 1346 1119 oppida
1372 1038 1609 1121 publico

667 1121 923 1207 Sumptu
942 1122 1232 1205 jubentes
1263 1128 1328 1183 et
1358 1122 1609 1183 deorum

747 1208 996 1292 Templa
1022 1228 1176 1271 novo
1205 1207 1491 1271 decorare
1520 1228 1686 1272 saxo,

757 1622 1268 1699 'GARMEN
1325 1625 1570 1698 XVI.

583 1975 802 2041 OTIUM
832 1977 998 2040 divos
1027 1981 1204 2059 rogat
1237 1975 1300 2038 in
1328 1977 1576 2058 patente

579 2062 844 2126 Prensus
872 2062 1149 2143 Aegae0‚
1179 2062 1353 2125 simul
1382 2066 1516 2123 atra
1542 2059 1733 2123 nubes

583 2146 869 2212 Condidit
927 2146 1132 2209 lunam
1185 2167 1382 2229 neque
1412 2152 1582 2209 certa
1608 2145 1845 2229 fulgent

923 2232 1138 2296 Sidera
1164 2232 1400 2307 nautis;

587 2317 794 2383 Otium
819 2318 976 2381 bello
1004 2318 1227 2381 furiosa
1255 2317 1514 2393 Thrace,

588 2404 794 2468 Otium
823 2403 992 2466 Medi
1024 2404 1306 2487 pharetra
1334 2401 1559 2479 decori,

584 2489 882 2574 Grospho,
910 2510 1029 2551 non
1059 2488 1308 2571 gemmis
1337 2507 1533 2569 neque
1564 2504 1831 2570 purpura
1857 2504 1954 2549 ve-

922 2575 1059 2637 nale
1088 2594 1285 2656 neque
1317 2593 1483 2634 auro.

583 2658 726 2722 Non
760 2660 917 2723 enim
947 2680 1128 2741 gazae
1158 2679 1357 2741 neque
1394 2653 1719 2719 consularis

587 2743 935 2808 Summovet
962 2746 1136 2823 lictor
1164 2744 1411 2807 miseros
1442 2740 1734 2805 tumultus

581 2829 832 2910 Mentis,
863 2836 926 2893 et
954 2851 1132 2894 curas
1159 2831 1445 2912 laqueata
1480 2826 1709 2891 circum

921 2916 1110 2980 Tecta
1133 2916 1431 2978 ..volantes

584 3000 832 3065 Vivitur
861 3022 1044 3084 parvo
1071 3001 1226 3063 bene
1279 3000 1378 3063 cui
1408 3004 1725 3082 paternum

588 3084 922 3169 Splendet
905 3109 969 3149 m
996 3107 1203 3149 mensa
1232 3086 1399 3147 tenui
1428 3084 1709 3159 salinum,

585 3170 648 3233 N
653 3192 722 3234 ec
751 3172 916 3235 leves
945 3193 1180 3235 somnos
1211 3170 1387 3232 timor
1416 3177 1523 3232 aut
1552 3167 1771 3252 cupido

926 3256 1216 3321 Sordidus
1247 3256 1465 3317 aufert.

587 3340 746 3415 Quid
773 3342 944 3405 brevi
971 3343 1158 3405 fortes
1178 3342 1522 3425 jaculamur
1550 3358 1699 3401 aevo

585 3426 838 3489 Multa?
867 3426 1027 3503 Quid
1058 3436 1250 3491 terras
1283 3426 1397 3489 alio
1428 3426 1695 3489 calentes

590 3510 728 3575 Sole
759 3512 1109 3576 mutamus?
1199 3512 1442 3575 Patriae
1516 3510 1607 3573 uis
1636 3506 1804 3571 exsul

675 3622 678 3625 ⁴
929 3596 1011 3661 Se
1043 3618 1277 3681 quoque
1307 3533 1515 3679 ΐιιὲἰίῑ(ὲ

593 3679 846 3745 Scandit
875 3691 1110 3747 aeratas
1141 3683 1357 3747 vitiosa
1379 3700 1562 3745 naves

587 3765 752 3833 Cura
803 3790 918 3833 nec
949 3776 1174 3833 turmas
1203 3769 1473 3851 equitum
1506 3762 1813 3847 relinquit,

2140 273 2225 337 45

2165 802 2227 855 15

2178 2758 2240 2807 1⁰

2176 3184 2237 3231 15
