2675 4409
1039 285 1231 334 CAR-M.
1275 287 1445 336 xvn.

827 646 1291 715 GARMEN
1362 649 1650 718 XVII.

541 955 592 1020 J
592 971 688 1017 AM
707 954 838 1038 jam
865 951 1092 1016 efficaci
1121 952 1198 1015 do
1225 973 1441 1016 manus
1469 951 1782 1031 scientiae,

545 1039 818 1123 Supplex
868 1045 934 1101 et
959 1059 1062 1101 oro
1092 1059 1281 1120 regna
1308 1059 1419 1121 per
1447 1037 1869 1138 Proserpinae,

545 1125 670 1188 Per
701 1131 764 1187 et
791 1123 1022 1186 Dianae
1051 1144 1170 1186 non
1199 1123 1493 1186 movenda
1521 1123 1789 1204 numina,

541 1209 670 1274 Per
695 1215 878 1292 atque
906 1209 1086 1271 libros
1116 1209 1445 1272 carminum
1474 1209 1801 1274 valentium

543 1295 761 1359 Refixa
787 1294 954 1358 caelo
983 1293 1276 1356 devocare
1305 1293 1527 1372 sidera,

547 1379 823 1459 Canidia,
853 1399 1034 1462 parce
1065 1379 1306 1442 vocibus
1336 1378 1580 1442 tandem
1608 1377 1795 1442 sacris

543 1465 866 1548 citumque
893 1471 1056 1527 retro
1083 1464 1263 1544 solve,
1277 1464 1439 1527 solve
1469 1462 1789 1528 turbinem.

537 1550 736 1614 Movit
762 1555 1041 1633 nepotem
1069 1549 1370 1632 Telephus
1398 1548 1464 1611 Ν
1466 1569 1717 1627 ereium

541 1635 621 1699 In
648 1656 829 1719 quem
857 1635 1150 1718 superbus
1178 1633 1483 1698 ordinarat
1510 1634 1751 1717 agmina

542 1721 860 1804 Mysorum
911 1720 1019 1783 et
1001 1742 1066 1782 m
1094 1740 1275 1802 quem
1303 1720 1429 1782 tela
1456 1728 1636 1784 acuta
1663 1727 1941 1788 torserat.

536 1805 792 1872 Unxere
819 1812 1044 1868 matres
1071 1805 1222 1868 Iliae
1251 1805 1558 1868 addictum
1585 1805 1731 1868 feris

538 1892 804 1956 Alitibus
833 1898 1017 1974 atque
1045 1891 1294 1954 canibus
1323 1890 1677 1954 homicidam
1704 1890 2060 1975 Hectorem,

537 1977 869 2062 Postquam
895 1976 1120 2040 relictis
1148 1977 1455 2040 moenibus
1484 1997 1591 2040 rex
1618 1977 1875 2059 procidit

539 2061 688 2126 Heu
739 2061 1076 2162 pervicacis
1129 2061 1210 2125 ad
1237 2061 1425 2146 pedes
1451 2061 1734 2128 Achillei.

541 2147 757 2212 Setosa
785 2147 948 2211 duris
979 2167 1198 2210 exuere
1227 2147 1483 2230 pellibus

499 2236 510 2246 '
538 2232 847 2297 Laboriosi
875 2233 1134 2316 remiges
1163 2232 1371 2297 Ulixei·

538 2319 800 2382 Volente
833 2317 1012 2382 Circa
1061 2319 1371 2394 membra;
1414 2322 1559 2380 tunc
1588 2336 1757 2382 mens
1787 2321 1851 2382 et
1876 2335 2058 2384 sonus

538 2404 838 2487 Relapsus
889 2409 1071 2486 atque
1101 2402 1320 2466 notus
1303 2425 1371 2466 m
1404 2403 1604 2466 vultus
1632 2404 1841 2470 honor.

537 2488 700 2553 Dedi
727 2489 872 2552 satis
901 2508 1198 2573 superque
1229 2509 1557 2572 poenarum
1585 2489 1715 2568 tibi,

536 2573 762 2638 Amata
787 2574 987 2637 nautis
1014 2574 1268 2636 multum
1297 2581 1361 2637 et
1387 2573 1774 2638 institoribus-

538 2659 725 2741 Fugit
743 2660 1028 2743 juventas
1078 2665 1142 2721 et
1171 2658 1549 2722 verecundus
1578 2659 1741 2722 color

534 2744 806 2828 Reliquit
835 2764 970 2806 ossa
996 2744 1152 2827 pelle
1182 2745 1403 2808 amicta
1428 2742 1669 2820 lurida3

533 2830 681 2893 Tuis
711 2829 960 2912 capillus
989 2829 1158 2892 albus
1188 2837 1282 2892 est
1308 2829 1633 2906 odoribus3

535 2914 789 2978 Nullum
817 2934 856 2976 a
881 2915 1083 2977 labore
1113 2935 1208 2977 me
1237 2915 1493 2978 reclinat
1518 2913 1743 2990 otium;

539 2999 742 3082 Urget
769 2999 927 3063 diem
954 3020 1072 3061 nox
1124 3007 1190 3062 et
1217 2999 1347 3062 dies
1377 3005 1637 3078 noctem,
1666 3016 1864 3082 neque
1894 3002 1987 3062 est

535 3083 770 3148 Levare
800 3092 969 3148 tenta
995 3084 1210 3167 spiritu
1237 3083 1608 3168 praecordia.

534 3168 702 3252 Ergo
729 3177 1016 3252 negatum
1047 3170 1252 3232 vincor
1282 3176 1354 3232 ut
1382 3169 1627 3234 credam
1652 3168 1835 3232 miser

535 3253 778 3318 Sabella
803 3262 1016 3338 pectus
1043 3254 1357 3336 increpare
1387 3254 1653 3319 carmina

537 3338 854 3422 caputque
883 3338 1094 3402 Marsa
1121 3339 1377 3402 dissilire
1403 3339 1603 3404 nenia.

532 3423 693 3498 Quid
723 3425 974 3508 amplius
1003 3423 1134 3488 vis?
1211 3423 1266 3488 Ο
1296 3445 1487 3503 mare,
1519 3445 1554 3487 o
1584 3429 1770 3502 terra,
1801 3422 2006 3503 arde0‚

533 3508 839 3583 Quantum
865 3529 1062 3593 neque
1091 3515 1223 3573 atro
1253 3509 1553 3574 delibutus
1586 3509 1889 3574 Hercules

530 3593 716 3658 Nessi
743 3615 980 3674 cruore,
1008 3615 1122 3660 nec
1157 3593 1379 3658 Sicana
1404 3594 1637 3658 fervida

526 3679 750 3745 Virens
778 3679 841 3743 in
868 3679 1078 3744 Aetna
1103 3680 1342 3744 flamma
1366 3699 1384 3756 3
1430 3686 1501 3744 tu
1551 3680 1739 3742 donec
1771 3677 1919 3740 cinis

881 3766 965 3833 11

2157 273 2283 345 121

2212 1744 2273 1792 1⁰

2210 2169 2273 2218 15
