2675 4409
1103 274 1232 324 m.
1277 275 1324 323 1.
1372 273 1508 324 sn.
1553 277 1641 327 v.·
2286 263 2416 330 139

299 427 576 515 Jamque
608 427 740 493 dies
769 427 1006 511 aderat,
1033 430 1120 494 nil
1153 452 1292 496 cum
1319 432 1653 515 procedere
1682 420 1926 510 lintrem
2351 445 2417 496 20

305 516 651 596 SentimuS,
680 517 872 582 donec
905 517 1258 582 cerebrosus
1286 520 1521 603 prosilit
1546 543 1705 585 unus
1918 577 1929 588 .
2017 522 2026 531 '

301 604 408 669 Ac
437 605 643 667 mulae
673 612 1018 689 nautaeque
1049 613 1236 689 caput
1264 606 1619 690 lumbosque
1650 608 1883 695 saligno
2023 657 2035 672 .

301 689 502 756 Fuste
534 689 740 755 dolat:
788 699 1008 776 quarta
1031 692 1136 754 ,vix
1157 692 1411 756 demum
1421 714 1519 782 ιἐς(
1560 694 1800 773 enimur'
1824 696 1995 760 hora.

307 776 442 841 Ora
472 798 808 863 manusque
827 785 949 840 tua
976 778 1252 859 lavimus,
1281 763 1485 843 Fer-on
1552 768 1867 865 {lympha

303 863 490 928 Milia
517 872 650 928 tum
675 859 882 950 pransi
909 864 1028 928 tria
1055 865 1322 949 repimus
1354 875 1539 950 atque
1570 868 1838 932 subimus
2350 881 2415 931 25

304 951 862 1036 Impositum-saxis
891 952 1012 1014 late
1043 951 1443 1016 candentibus
1474 954 1711 1016 Anxur.

305 1037 460 1102 Huc
491 1045 784 1102 venturus
813 1044 948 1101 erat
975 1037 1306 1102 Maecenas
1335 1039 1597 1124 optimus
1628 1047 1811 1125 atque

307 1123 635 1204 CocceiuS,
663 1125 827 1188 missi
856 1125 1090 1207 magnis
1122 1125 1199 1188 de
1227 1126 1411 1190 rebus
1438 1134 1700 1212 uterque
1812 1163 1836 1178 -

306 1208 559 1294 Legati,
591 1232 832 1276 aversos
863 1211 1020 1275 soliti
1050 1232 1407 1296 componere
1439 1213 1681 1276 amicos,

305 1296 440 1361 Hic
465 1297 654 1361 oculis
685 1319 798 1380 ego
827 1297 1004 1381 nigra
1031 1299 1182 1362 meis
1213 1299 1465 1380 collyria
1492 1300 1691 1383 lippus
2352 1324 2419 1382 ω

307 1382 592 1448 ΙΙΙίιιοτο.
663 1382 914 1448 Interea
943 1383 1273 1449 Maecenas
1304 1385 1553 1448 advenit
1582 1393 1765 1470 atque

312 1468 614 1534 Cocceius
645 1469 984 1555 Capitoque
1013 1471 1191 1535 simul
1219 1471 1532 1554 Fonteius,
1564 1473 1642 1536 ad
1674 1494 1941 1556 unguem

308 1555 545 1620 Factus
574 1558 772 1634 hom0‚
805 1557 1034 1621 Antoni
1062 1580 1184 1622 non
1213 1565 1284 1621 ut
1311 1559 1505 1641 magis
1536 1560 1693 1623 alter
1722 1561 1972 1626 amicus.

142 1689 166 1717 ·.=
242 1638 568 1708 “Fundos
595 1642 844 1708 Aufidio
873 1643 1072 1709 Lusco
1102 1653 1385 1730 praetore
1415 1646 1675 1711 libenter

309 1729 696 1815 Linquimus,
724 1731 920 1794 insani
947 1731 1218 1796 ridentes
1247 1733 1518 1816 praemia
1546 1733 1801 1809 scribae,
1966 1761 1975 1771 ·
2350 1755 2417 1807 35

311 1815 711 1881 Praetextam
741 1826 806 1881 et
834 1817 1022 1881 latum
1053 1819 1291 1882 clavum
1325 1840 1676 1902 prunaeque
1706 1819 2000 1885 batillum.

310 1902 397 1968 In
427 1887 877 1986 Mamurrarum
904 1905 1047 1968 lassi
1079 1905 1298 1968 deinde
1327 1905 1479 1968 urbe
1510 1927 1843 1986 manemuS,

311 1989 586 2054 Murena
611 1990 939 2074 praebente
971 1991 1234 2072 domum,
1269 1991 1561 2074 Capitone
1594 1994 1876 2058 culinam.

313 2075 578 2141 Postera
604 2078 709 2141 lux
740 2077 931 2140 oritur
959 2080 1080 2140 mul
1111 2101 1146 2142 o
1177 2079 1519 2162 gratissima
1544 2099 1561 2156 3
1606 2101 1867 2164 namque

313 2163 554 2228 Plotius
586 2172 650 2228 et
678 2163 905 2229 Varius
939 2151 1090 2228 Sim}
1129 2187 1262 2228 ssae
1293 2166 1711 2250 Virgiliusque
2350 2189 2416 2240 (ο

317 2248 694 2331 Occurrunt,
725 2251 1200 2350 animaekquales
1229 2273 1431 2335 neque
1462 2252 1841 2317 candidiores

313 2335 514 2401 Terra
539 2337 679 2400 tulit
705 2358 905 2420 neque
935 2339 1068 2421 quis
1097 2360 1194 2401 me
1225 2339 1671 2402 sit’devinctior
1699 2289 2013 2466 alter-2³24

317 2421 378 2487 Ο
409 2423 515 2507 qui
546 2425 890 2508 complexus
921 2431 984 2487 et
1013 2424 1238 2507 gaudia
1265 2433 1493 2508 quanta
1522 2425 1809 2492 fuerunt!

313 2508 428 2574 Nil
460 2531 574 2592 ego
604 2506 958 2574 contulerim
993 2511 1007 2524 ’
1055 2511 1254 2574 cundo
1283 2533 1469 2575 sanus
1498 2512 1708 2575 amico.

313 2595 606 2660 Proxima
635 2575 1012 2680 Campalfossp
1049 2598 1140 2660 nti
1169 2619 1324 2682 quae
1358 2576 1586 2678 villula,
1616 2605 1849 2662 tectum
2349 2618 2417 2668 45

313 2681 636 2758 Praebuit,
667 2691 730 2746 et
759 2683 1003 2767 parochi
1033 2705 1190 2767 quae
1222 2685 1447 2748 debent
1475 2686 1641 2768 ligna
1670 2686 2000 2778 salemque.

316 2767 489 2833 Hinc
519 2769 666 2832 muli
697 2749 946 2854 caphae
976 2771 1230 2834 clitellas
1260 2778 1533 2855 tempore
1562 2777 1809 2853 ponunt.

315 2855 552 2920 Lusum
580 2856 630 2919 it
657 2855 1011 2934 MaecenaS,
1042 2857 1362 2920 dormitum
1396 2879 1510 2940 ego
1540 2858 1959 2941 Virgiliusque
1985 2876 2005 2936 3

316 2941 605 3026 Namque
635 2941 758 3026 pila
785 2942 962 3026 lippis
991 2943 1294 3007 inimicum
1325 2951 1390 3006 et
1417 2944 1629 3007 ludere
1662 2944 1881 3009 crudis.

317 3026 489 3092 Hinc
520 3050 628 3092 nos
659 3027 900 3093 Cocceii
929 3031 1145 3113 recipit
1174 3030 1519 3115 plenissima
1550 3031 1691 3094 villa
2352 3057 2418 3108 50

323 3113 496 3188 Quae
527 3137 710 3197 super
740 3124 834 3179 est
865 3098 1058 3179 Officii
1089 3139 1415 3200 cauponas.
1509 3117 1691 3181 Nunc
1723 3117 1867 3181 mihi
1897 3120 2105 3206 paucis

323 3200 630 3266 Sarmenti
660 3223 906 3265 scurrae
938 3225 1202 3286 pugnam
1235 3203 1544 3287 Messique
1578 3203 1855 3284 Cicirrhi,

319 3287 530 3365 Musa,
562 3289 738 3351 velim
768 3309 1084 3367 memores,
1116 3299 1178 3352 et
1211 3312 1330 3372 quo
1362 3298 1535 3374 patre
1568 3301 1747 3355 natus
1776 3301 2034 3377 uterque

321 3373 664 3438 Contulerit
691 3376 850 3438 lites.
942 3375 1134 3439 Messi
1164 3377 1391 3440 clarum
1426 3397 1617 3460 genus
1652 3377 1839 3456 Osci3

323 3459 632 3526 Sarmenti
663 3461 903 3524 domina
933 3470 1132 3525 exstat
1157 3487 1173 3525 :
1221 3463 1298 3525 ab
1327 3462 1421 3527 his
1451 3465 1774 3548 majoribus
1806 3464 1923 3526 orti
2076 3461 2094 3479 ¹
2215 3499 2226 3530 ;
2354 3485 2419 3534 55

319 3547 430 3612 Ad
463 3569 724 3630 pugnam
755 3569 1000 3611 venere.
1093 3549 1270 3612 Prior
1304 3547 1700 3614 Sarmentus:
1750 3555 1790 3586 ‘⁶
1820 3551 1982 3633 Equi
2012 3556 2074 3612 te
2350 3548 2365 3561 ⁹

319 3633 478 3698 Esse
509 3634 623 3697 feri
651 3634 904 3698 similem
936 3634 1140 3698 dico.'’
1231 3635 1548 3715 RidemuS,
1582 3647 1646 3699 et
1674 3636 1804 3720 ipse

320 3719 588 3786 Messius
617 3725 659 3757 “
680 3721 1004 3805 Accipio,”
1040 3717 1318 3806 caputet
1347 3729 1566 3785 movet.
1658 3727 1701 3758 “
1731 3721 1810 3800 O,
1842 3727 1947 3784 tua
1977 3741 2165 3786 cornu

321 3803 416 3872 Ni
441 3805 600 3872 foret
628 3817 874 3873 exsecto
903 3807 1137 3890 frons,’'
1169 3808 1391 3894 inquit,
1421 3813 1463 3846 “
1486 3807 1635 3894 quid
1661 3808 1922 3890 facereS,
1954 3827 2093 3875 cum
