2675 4409
400 234 529 299 191
1223 246 1669 299 immunitum

402 404 503 469 Sic
535 426 648 487 ego
699 404 940 491 majoris
967 404 1206 489 fugiens
1233 405 1551 491 opprobria
1574 407 1787 491 culpae

397 490 636 554 Frontis
671 492 749 555 ad
778 493 1045 555 urbanae
1076 491 1363 555 descendi
1390 492 1676 575 praemia.
1768 490 1996 566 Quodsi

397 577 754 659 Depositum
782 578 994 641 laudas
1023 579 1097 641 ob
1129 578 1300 641 amici
1322 578 1499 661 jussa
1531 578 1842 661 pudorem,

401 660 611 727 Scribe
642 664 734 731 tui
761 664 968 748 gregis
993 663 1153 728 hunc
1210 670 1274 727 et
1301 664 1520 727 fortem
1549 664 1729 728 crede
1758 664 2120 749 bonumque.

1055 1090 1640 1158 EPISTOLA
1710 1039 1888 1158 X..

393 1264 613 1329 URBIS
643 1271 970 1330 amatorem
997 1262 1262 1329 Fuscum
1295 1265 1530 1329 salvere
1549 1262 1835 1350 jubemus

394 1350 579 1416 Ruris
608 1358 926 1429 amatores»,
955 1351 1070 1415 hac
1098 1352 1163 1415 in
1189 1372 1257 1415 re
1287 1352 1518 1415 scilicet
1550 1372 1675 1415 una

393 1436 658 1500 Multum
687 1438 1024 1517 dissimiles,
1055 1442 1120 1499 at
1147 1440 1397 1498 caetera
1424 1456 1619 1519 paene
1650 1433 1935 1518 gemelli3

391 1522 703 1587 Fraternis
733 1522 966 1603 animis,
996 1520 1283 1605 quidquid
1311 1529 1499 1606 negat
1528 1524 1684 1589 alter
1735 1530 1799 1587 et
1826 1524 2016 1603 alter3

391 1607 734 1671 Annuimus
763 1608 991 1691 pariter
1019 1608 1206 1672 vetuli
1233 1609 1478 1691 notique
1510 1608 1785 1672 columbi.

392 1692 492 1755 'l'u
519 1693 726 1757 nidum
755 1712 988 1771 servas3
1013 1714 1128 1776 ego
1160 1694 1341 1757 laudo
1370 1694 1531 1757 ruris
1556 1694 1788 1757 amoeni

391 1778 578 1842 Rivos
609 1786 672 1842 et
699 1800 906 1843 musco
935 1779 1270 1843 circumlita
1298 1799 1445 1843 saxa
1474 1800 1826 1863 nemusque.
1874 1821 1881 1827 -

395 1862 554 1937 Quid
586 1862 875 1949 quaeris?
962 1864 1122 1930 Vivo
1152 1872 1216 1929 et
1244 1886 1430 1948 regno
1483 1866 1657 1929 simul
1684 1866 1802 1928 ista
1828 1864 2044 1949 reliqui

395 1949 566 2023 Quae
596 1972 701 2015 vos
731 1948 809 2013 ad
835 1951 1069 2017 caelum
1097 1952 1268 2015 fertis
1299 1972 1534 2015 rumore
1566 1952 1867 2017 secundo:
1895 1972 1903 1977 ·

395 2034 604 2119 thue
635 2036 963 2101 sacerdotis
991 2037 1279 2120 fugitivus
1303 2037 1425 2100 liba
1450 2056 1703 2113 recuso;

393 2121 562 2185 Pane
593 2143 743 2206 egeo
761 2122 892 2207 jam
918 2123 1158 2187 mellitis
1187 2123 1414 2207 pot-iore
1444 2123 1755 2207 placentis.

391 2206 621 2271 Vivere
650 2216 904 2272 naturae
935 2209 987 2273 si
1007 2210 1443 2273 convenienter
1470 2214 1708 2291 oportet

391 2292 837 2378 Ponendaeque
869 2294 1042 2365 domo
1072 2294 1416 2378 quaerenda
1448 2301 1542 2357 est
1571 2315 1715 2357 area
1742 2292 2025 2379 primum,

391 2378 708 2443 Novistine
737 2382 935 2444 locum
965 2381 1256 2463 potiorem
1284 2401 1425 2442 rure
1454 2379 1683 2442 beato?

391 2464 508 2529 Est
535 2465 637 2529 ubi
666 2467 801 2549 plus
830 2472 1080 2548 tepeant
1109 2465 1359 2543 hiemes,
1388 2465 1492 2527 ubi
1522 2466 1748 2547 gratior
1776 2484 1925 2527 aura
2038 2522 2042 2526 ,

390 2550 608 2615 Leniat
637 2560 702 2615 et
727 2551 954 2615 rabiem
988 2550 1170 2615 Canis
1199 2557 1263 2613 et
1288 2556 1591 2613 momenta
1627 2548 1870 2629 LeoniS,

392 2636 546 2701 Cum
575 2639 760 2701 semel
791 2637 1028 2721 accepit
1055 2638 1239 2703 solem
1267 2636 1626 2699 furibundus
1663 2632 1954 2699 acutum?
1991 2667 2004 2677 -

389 2720 506 2786 Est
533 2723 638 2787 ubi
667 2722 914 2787 divellat
942 2744 1175 2787 somnos
1204 2724 1401 2786 minus
1427 2722 1631 2786 invida
1658 2720 1851 2785 cura?

388 2807 677 2873 Deterius
706 2808 950 2910 Libycis
979 2811 1103 2873 olet
1131 2816 1238 2872 aut
1266 2810 1421 2872 nitet
1446 2809 1636 2872 herba
1663 2806 1931 2893 lapillis?

388 2893 605 2957 Purior
633 2895 695 2958 in
724 2895 870 2959 vicls
900 2916 1058 2979 aqua
1086 2895 1284 2957 tendit
1309 2916 1588 2977 rumpere
1619 2894 1925 2977 plumbum

389 2976 584 3053 Quam
613 3000 768 3079 quae
797 3002 910 3064 per
938 3002 1190 3063 pronum
1219 2980 1483 3062 trepidat
1511 3000 1649 3042 cum
1676 3000 1980 3042 murmure
2010 2976 2255 3042 rivum?

387 3064 626 3148 Nempe
656 3073 817 3128 mter
846 3066 1044 3129 varias
1071 3066 1340 3128 nutritur
1366 3064 1517 3127 silva
1546 3065 1871 3143 columnas,

386 3149 820 3234 Laudaturque
850 3150 1060 3213 domus
1111 3151 1319 3232 longos
1349 3170 1503 3234 quae
1534 3150 1817 3232 prospicit
1846 3170 2044 3232 agros.

386 3236 687 3299 Naturam
717 3236 979 3319 expellas
1008 3236 1202 3312 furca,
1233 3243 1437 3299 tamen
1464 3256 1655 3317 usque
1687 3244 1982 3317 recurret,

386 3320 470 3384 Et
497 3322 656 3386 mala
691 3327 1040 3405 perrumpet
1067 3321 1274 3384 furtim
1301 3320 1545 3383 fastidia
1572 3320 1808 3384 victrix.

383 3407 526 3471 Non
579 3408 684 3493 qui
718 3407 961 3471 Sidonio
992 3407 1355 3471 contendere
1387 3407 1637 3470 callidus
1666 3413 1827 3472 ostro

384 3494 603 3558 Nescit
631 3494 1002 3578 Aquinatem
1031 3494 1302 3578 potantia
1331 3494 1557 3557 vellera
1593 3492 1802 3557 fucum

387 3579 627 3645 Certius
655 3580 910 3665 accipiet
937 3580 1220 3644 damnum
1249 3580 1609 3667 propiusque
1639 3580 1939 3658 medullis,

385 3664 582 3739 Quam
609 3666 714 3751 qui
741 3689 862 3731 non
889 3666 1112 3751 poterit
1139 3688 1282 3731 vero
1312 3667 1681 3749 distinguere
1709 3666 1949 3728 falsum.

385 3751 582 3825 Quem
607 3774 706 3818 res
736 3754 870 3839 plus
897 3753 1080 3817 nimio
1108 3754 1489 3819 delectavere
1518 3752 1844 3831 secundae,

2424 432 2489 481 10

2416 2058 2479 2106 10

2412 2486 2475 2533 15
