<?xml version="1.0" encoding="UTF-8"?>
<!DOCTYPE html PUBLIC "-//W3C//DTD XHTML 1.0 Transitional//EN"
    "http://www.w3.org/TR/xhtml1/DTD/xhtml1-transitional.dtd">
<html xmlns="http://www.w3.org/1999/xhtml" xml:lang="en" lang="en">
 <head>
  <title>
</title>
<meta http-equiv="Content-Type" content="text/html;charset=utf-8" />
  <meta name='ocr-system' content='tesseract 3.04.00' />
  <meta name='ocr-capabilities' content='ocr_page ocr_carea ocr_par ocr_line ocrx_word'/>
</head>
<body>
  <div class='ocr_page' id='page_1' title='image "./workshorace01chasgoog_0127.png"; bbox 0 0 2675 4409; ppageno 0'>
   <div class='ocr_carea' id='block_1_1' title="bbox 406 260 534 324">
    <p class='ocr_par' dir='ltr' id='par_1_1' title="bbox 406 260 534 324">
     <span class='ocr_line' id='line_1_1' title="bbox 406 260 534 324; baseline 0 0"><span class='ocrx_word' id='word_1_1' title='bbox 406 260 534 324; x_wconf 81' lang='lat'><strong>112</strong></span> 
     </span>
    </p>
   </div>
   <div class='ocr_carea' id='block_1_2' title="bbox 1198 280 1703 330">
    <p class='ocr_par' dir='ltr' id='par_1_2' title="bbox 1198 280 1703 330">
     <span class='ocr_line' id='line_1_2' title="bbox 1198 280 1703 330; baseline 0.002 -3"><span class='ocrx_word' id='word_1_2' title='bbox 1198 280 1452 330; x_wconf 76' lang='lat' dir='ltr'>EPODON</span> <span class='ocrx_word' id='word_1_3' title='bbox 1493 283 1703 328; x_wconf 79' lang='lat' dir='ltr'><strong>LIBER.</strong></span> 
     </span>
    </p>
   </div>
   <div class='ocr_carea' id='block_1_3' title="bbox 1075 598 1817 670">
    <p class='ocr_par' dir='ltr' id='par_1_3' title="bbox 1075 598 1817 670">
     <span class='ocr_line' id='line_1_3' title="bbox 1075 598 1817 670; baseline 0.003 -6"><span class='ocrx_word' id='word_1_4' title='bbox 1075 598 1541 668; x_wconf 81' lang='lat' dir='ltr'><strong>OARMEN</strong></span> <span class='ocrx_word' id='word_1_5' title='bbox 1597 603 1817 670; x_wconf 89' lang='lat' dir='ltr'><strong>VII.</strong></span> 
     </span>
    </p>
   </div>
   <div class='ocr_carea' id='block_1_4' title="bbox 727 942 2156 2654">
    <p class='ocr_par' dir='ltr' id='par_1_4' title="bbox 746 942 2156 1112">
     <span class='ocr_line' id='line_1_4' title="bbox 746 942 2156 1028; baseline 0.001 -20"><span class='ocrx_word' id='word_1_6' title='bbox 746 942 907 1022; x_wconf 82' lang='lat' dir='ltr'>QUO,</span> <span class='ocrx_word' id='word_1_7' title='bbox 938 965 1057 1028; x_wconf 90' lang='lat' dir='ltr'><strong>quo</strong></span> <span class='ocrx_word' id='word_1_8' title='bbox 1086 945 1325 1009; x_wconf 87' lang='lat' dir='ltr'><strong>scelesti</strong></span> <span class='ocrx_word' id='word_1_9' title='bbox 1353 943 1572 1007; x_wconf 86' lang='lat' dir='ltr'><strong>ruitis?</strong></span> <span class='ocrx_word' id='word_1_10' title='bbox 1620 951 1864 1009; x_wconf 87' lang='lat' dir='ltr'><strong>aut-cur</strong></span> <span class='ocrx_word' id='word_1_11' title='bbox 1893 945 2156 1010; x_wconf 76' lang='lat' dir='ltr'><strong>dexteris</strong></span> 
     </span>
     <span class='ocr_line' id='line_1_5' title="bbox 830 1029 1647 1112; baseline 0 -20"><span class='ocrx_word' id='word_1_12' title='bbox 830 1030 1142 1112; x_wconf 85' lang='lat' dir='ltr'><strong>Aptantur</strong></span> <span class='ocrx_word' id='word_1_13' title='bbox 1171 1052 1344 1093; x_wconf 82' lang='lat' dir='ltr'>enses</span> <span class='ocrx_word' id='word_1_14' title='bbox 1375 1029 1647 1092; x_wconf 83' lang='lat' dir='ltr'><strong>conditi?</strong></span> 
     </span>
    </p>

    <p class='ocr_par' dir='ltr' id='par_1_5' title="bbox 743 1113 2051 1283">
     <span class='ocr_line' id='line_1_6' title="bbox 743 1113 2051 1201; baseline 0.003 -25"><span class='ocrx_word' id='word_1_15' title='bbox 743 1113 1045 1178; x_wconf 82' lang='lat' dir='ltr'><strong>Parumne</strong></span> <span class='ocrx_word' id='word_1_16' title='bbox 1077 1116 1301 1197; x_wconf 88' lang='lat' dir='ltr'><strong>campis</strong></span> <span class='ocrx_word' id='word_1_17' title='bbox 1332 1123 1514 1198; x_wconf 84' lang='lat' dir='ltr'><strong>atque</strong></span> <span class='ocrx_word' id='word_1_18' title='bbox 1549 1115 1838 1199; x_wconf 82' lang='lat' dir='ltr'><strong>Neptuno</strong></span> <span class='ocrx_word' id='word_1_19' title='bbox 1867 1136 2051 1201; x_wconf 87' lang='lat' dir='ltr'><strong>super</strong></span> 
     </span>
     <span class='ocr_line' id='line_1_7' title="bbox 829 1199 1766 1283; baseline 0.003 -21"><span class='ocrx_word' id='word_1_20' title='bbox 829 1199 1057 1263; x_wconf 90' lang='lat' dir='ltr'><strong>Fusum</strong></span> <span class='ocrx_word' id='word_1_21' title='bbox 1087 1208 1181 1264; x_wconf 87' lang='lat' dir='ltr'><strong>est</strong></span> <span class='ocrx_word' id='word_1_22' title='bbox 1209 1201 1409 1264; x_wconf 88' lang='lat' dir='ltr'><strong>Latini</strong></span> <span class='ocrx_word' id='word_1_23' title='bbox 1440 1201 1766 1283; x_wconf 50' lang='lat' dir='ltr'><strong>sanguini&amp;</strong></span> 
     </span>
    </p>

    <p class='ocr_par' dir='ltr' id='par_1_6' title="bbox 739 1285 1981 1452">
     <span class='ocr_line' id='line_1_8' title="bbox 739 1285 1981 1372; baseline 0.001 -21"><span class='ocrx_word' id='word_1_24' title='bbox 739 1285 883 1351; x_wconf 85' lang='lat' dir='ltr'><strong>Non</strong></span> <span class='ocrx_word' id='word_1_25' title='bbox 912 1293 983 1349; x_wconf 88' lang='lat' dir='ltr'><strong>ut</strong></span> <span class='ocrx_word' id='word_1_26' title='bbox 1010 1287 1299 1370; x_wconf 85' lang='lat' dir='ltr'><strong>superbas</strong></span> <span class='ocrx_word' id='word_1_27' title='bbox 1326 1287 1564 1350; x_wconf 84' lang='lat' dir='ltr'><strong>invidae</strong></span> <span class='ocrx_word' id='word_1_28' title='bbox 1582 1285 1981 1372; x_wconf 78' lang='lat' dir='ltr'><strong>Karthaginis</strong></span> 
     </span>
     <span class='ocr_line' id='line_1_9' title="bbox 823 1373 1586 1452; baseline -0.004 -13"><span class='ocrx_word' id='word_1_29' title='bbox 823 1373 1129 1439; x_wconf 86' lang='lat' dir='ltr'><strong>Romanus</strong></span> <span class='ocrx_word' id='word_1_30' title='bbox 1160 1393 1329 1437; x_wconf 88' lang='lat' dir='ltr'><strong>arces</strong></span> <span class='ocrx_word' id='word_1_31' title='bbox 1359 1380 1586 1452; x_wconf 90' lang='lat' dir='ltr'><strong>ureret,</strong></span> 
     </span>
    </p>

    <p class='ocr_par' dir='ltr' id='par_1_7' title="bbox 736 1455 2033 1623">
     <span class='ocr_line' id='line_1_10' title="bbox 736 1455 2033 1522; baseline 0.001 -1"><span class='ocrx_word' id='word_1_32' title='bbox 736 1455 1011 1521; x_wconf 72' lang='lat' dir='ltr'><strong>Intactas</strong></span> <span class='ocrx_word' id='word_1_33' title='bbox 1044 1465 1150 1520; x_wconf 90' lang='lat' dir='ltr'><strong>aut</strong></span> <span class='ocrx_word' id='word_1_34' title='bbox 1178 1459 1507 1522; x_wconf 72' lang='lat' dir='ltr'><strong>Britannus</strong></span> <span class='ocrx_word' id='word_1_35' title='bbox 1537 1466 1608 1521; x_wconf 92' lang='lat' dir='ltr'><strong>ut</strong></span> <span class='ocrx_word' id='word_1_36' title='bbox 1635 1458 2033 1522; x_wconf 68' lang='lat' dir='ltr'><strong>descenderet</strong></span> 
     </span>
     <span class='ocr_line' id='line_1_11' title="bbox 826 1541 1507 1623; baseline -0.001 -17"><span class='ocrx_word' id='word_1_37' title='bbox 826 1541 1016 1606; x_wconf 81' lang='lat' dir='ltr'><strong>Sacra</strong></span> <span class='ocrx_word' id='word_1_38' title='bbox 1045 1550 1358 1607; x_wconf 87' lang='lat' dir='ltr'><strong>catenatus</strong></span> <span class='ocrx_word' id='word_1_39' title='bbox 1388 1544 1507 1623; x_wconf 89' lang='lat' dir='ltr'><strong>via,</strong></span> 
     </span>
    </p>

    <p class='ocr_par' dir='ltr' id='par_1_8' title="bbox 742 1625 2019 1796">
     <span class='ocr_line' id='line_1_12' title="bbox 742 1625 2019 1692; baseline 0.001 -1"><span class='ocrx_word' id='word_1_40' title='bbox 742 1625 867 1691; x_wconf 86' lang='lat' dir='ltr'><strong>Sed</strong></span> <span class='ocrx_word' id='word_1_41' title='bbox 898 1634 966 1689; x_wconf 88' lang='lat' dir='ltr'><strong>ut</strong></span> <span class='ocrx_word' id='word_1_42' title='bbox 994 1629 1323 1690; x_wconf 87' lang='lat' dir='ltr'><strong>secundum</strong></span> <span class='ocrx_word' id='word_1_43' title='bbox 1357 1636 1496 1691; x_wconf 86' lang='lat' dir='ltr'><strong>vota</strong></span> <span class='ocrx_word' id='word_1_44' title='bbox 1518 1628 1879 1692; x_wconf 78' lang='lat' dir='ltr'><strong>Parthorum</strong></span> <span class='ocrx_word' id='word_1_45' title='bbox 1907 1649 2019 1692; x_wconf 79' lang='lat' dir='ltr'><strong>sua</strong></span> 
     </span>
     <span class='ocr_line' id='line_1_13' title="bbox 816 1710 1750 1796; baseline 0.002 -22"><span class='ocrx_word' id='word_1_46' title='bbox 816 1710 983 1775; x_wconf 89' lang='lat' dir='ltr'><strong>Urbs</strong></span> <span class='ocrx_word' id='word_1_47' title='bbox 1015 1712 1164 1775; x_wconf 89' lang='lat' dir='ltr'><strong>haec</strong></span> <span class='ocrx_word' id='word_1_48' title='bbox 1195 1712 1422 1796; x_wconf 87' lang='lat' dir='ltr'><strong>periret</strong></span> <span class='ocrx_word' id='word_1_49' title='bbox 1450 1712 1750 1776; x_wconf 74' lang='lat' dir='ltr'><strong>dextera?</strong></span> 
     </span>
    </p>

    <p class='ocr_par' dir='ltr' id='par_1_9' title="bbox 732 1796 2001 1967">
     <span class='ocr_line' id='line_1_14' title="bbox 732 1796 2001 1881; baseline 0.001 -19"><span class='ocrx_word' id='word_1_50' title='bbox 732 1796 955 1879; x_wconf 85' lang='lat' dir='ltr'><strong>Neque</strong></span> <span class='ocrx_word' id='word_1_51' title='bbox 983 1797 1081 1862; x_wconf 92' lang='lat' dir='ltr'><strong>hic</strong></span> <span class='ocrx_word' id='word_1_52' title='bbox 1112 1799 1267 1881; x_wconf 88' lang='lat' dir='ltr'><strong>lupis</strong></span> <span class='ocrx_word' id='word_1_53' title='bbox 1294 1821 1422 1862; x_wconf 91' lang='lat' dir='ltr'><strong>mos</strong></span> <span class='ocrx_word' id='word_1_54' title='bbox 1451 1819 1562 1861; x_wconf 89' lang='lat' dir='ltr'><strong>nec</strong></span> <span class='ocrx_word' id='word_1_55' title='bbox 1591 1799 1705 1862; x_wconf 86' lang='lat' dir='ltr'><strong>fuit</strong></span> <span class='ocrx_word' id='word_1_56' title='bbox 1731 1797 2001 1863; x_wconf 89' lang='lat' dir='ltr'><strong>leonibus</strong></span> 
     </span>
     <span class='ocr_line' id='line_1_15' title="bbox 817 1882 1808 1967; baseline -0.001 -20"><span class='ocrx_word' id='word_1_57' title='bbox 817 1882 1105 1966; x_wconf 86' lang='lat' dir='ltr'><strong>Unquam</strong></span> <span class='ocrx_word' id='word_1_58' title='bbox 1154 1885 1269 1947; x_wconf 85' lang='lat' dir='ltr'><strong>nisi</strong></span> <span class='ocrx_word' id='word_1_59' title='bbox 1298 1885 1360 1947; x_wconf 91' lang='lat' dir='ltr'><strong>in</strong></span> <span class='ocrx_word' id='word_1_60' title='bbox 1391 1885 1594 1967; x_wconf 89' lang='lat' dir='ltr'><strong>dispar</strong></span> <span class='ocrx_word' id='word_1_61' title='bbox 1642 1884 1808 1946; x_wconf 78' lang='lat' dir='ltr'><strong>feris·</strong></span> 
     </span>
    </p>

    <p class='ocr_par' dir='ltr' id='par_1_10' title="bbox 731 1965 1936 2140">
     <span class='ocr_line' id='line_1_16' title="bbox 731 1965 1936 2053; baseline 0.002 -23"><span class='ocrx_word' id='word_1_62' title='bbox 731 1965 1005 2031; x_wconf 84' lang='lat' dir='ltr'><strong>Furorne</strong></span> <span class='ocrx_word' id='word_1_63' title='bbox 1035 1990 1275 2049; x_wconf 80' lang='lat' dir='ltr'><strong>caecuS,</strong></span> <span class='ocrx_word' id='word_1_64' title='bbox 1306 1990 1386 2032; x_wconf 88' lang='lat' dir='ltr'><strong>an</strong></span> <span class='ocrx_word' id='word_1_65' title='bbox 1414 1969 1573 2052; x_wconf 86' lang='lat' dir='ltr'><strong>rapit</strong></span> <span class='ocrx_word' id='word_1_66' title='bbox 1601 1969 1690 2032; x_wconf 87' lang='lat' dir='ltr'><strong>vis</strong></span> <span class='ocrx_word' id='word_1_67' title='bbox 1720 1969 1936 2053; x_wconf 88' lang='lat' dir='ltr'><strong>acrior,</strong></span> 
     </span>
     <span class='ocr_line' id='line_1_17' title="bbox 816 2054 1829 2140; baseline 0.001 -24"><span class='ocrx_word' id='word_1_68' title='bbox 816 2054 922 2116; x_wconf 92' lang='lat' dir='ltr'><strong>An</strong></span> <span class='ocrx_word' id='word_1_69' title='bbox 954 2055 1178 2138; x_wconf 82' lang='lat' dir='ltr'><strong>culpa?</strong></span> <span class='ocrx_word' id='word_1_70' title='bbox 1255 2055 1638 2140; x_wconf 87' lang='lat' dir='ltr'><strong>Responsum</strong></span> <span class='ocrx_word' id='word_1_71' title='bbox 1669 2055 1829 2118; x_wconf 86' lang='lat' dir='ltr'><strong>dat-e.</strong></span> 
     </span>
    </p>

    <p class='ocr_par' dir='ltr' id='par_1_11' title="bbox 732 2137 1818 2310">
     <span class='ocr_line' id='line_1_18' title="bbox 732 2137 1818 2225; baseline 0 -21"><span class='ocrx_word' id='word_1_72' title='bbox 732 2137 964 2204; x_wconf 78' lang='lat' dir='ltr'><strong>Tacent</strong></span> <span class='ocrx_word' id='word_1_73' title='bbox 992 2147 1056 2202; x_wconf 89' lang='lat' dir='ltr'><strong>et</strong></span> <span class='ocrx_word' id='word_1_74' title='bbox 1082 2139 1255 2203; x_wconf 86' lang='lat' dir='ltr'><strong>albus</strong></span> <span class='ocrx_word' id='word_1_75' title='bbox 1278 2161 1386 2205; x_wconf 86' lang='lat' dir='ltr'><strong>ora</strong></span> <span class='ocrx_word' id='word_1_76' title='bbox 1411 2141 1603 2225; x_wconf 87' lang='lat' dir='ltr'><strong>pallor</strong></span> <span class='ocrx_word' id='word_1_77' title='bbox 1628 2141 1818 2204; x_wconf 85' lang='lat' dir='ltr'><strong>inficit</strong></span> 
     </span>
     <span class='ocr_line' id='line_1_19' title="bbox 812 2224 1810 2310; baseline 0.002 -22"><span class='ocrx_word' id='word_1_78' title='bbox 812 2224 1175 2310; x_wconf 88' lang='lat' dir='ltr'><strong>Mentesque</strong></span> <span class='ocrx_word' id='word_1_79' title='bbox 1206 2228 1515 2310; x_wconf 88' lang='lat' dir='ltr'><strong>perculsae</strong></span> <span class='ocrx_word' id='word_1_80' title='bbox 1545 2233 1810 2310; x_wconf 87' lang='lat' dir='ltr'><strong>stupent.</strong></span> 
     </span>
    </p>

    <p class='ocr_par' dir='ltr' id='par_1_12' title="bbox 734 2307 2070 2480">
     <span class='ocr_line' id='line_1_20' title="bbox 734 2307 2070 2396; baseline 0 -20"><span class='ocrx_word' id='word_1_81' title='bbox 734 2307 835 2376; x_wconf 79' lang='lat' dir='ltr'><strong>Sic</strong></span> <span class='ocrx_word' id='word_1_82' title='bbox 866 2318 993 2374; x_wconf 90' lang='lat' dir='ltr'><strong>est:</strong></span> <span class='ocrx_word' id='word_1_83' title='bbox 1042 2311 1261 2376; x_wconf 87' lang='lat' dir='ltr'><strong>acerba</strong></span> <span class='ocrx_word' id='word_1_84' title='bbox 1287 2313 1416 2375; x_wconf 85' lang='lat' dir='ltr'><strong>fata</strong></span> <span class='ocrx_word' id='word_1_85' title='bbox 1445 2313 1745 2376; x_wconf 88' lang='lat' dir='ltr'><strong>Romanos</strong></span> <span class='ocrx_word' id='word_1_86' title='bbox 1775 2316 1964 2396; x_wconf 83' lang='lat' dir='ltr'><strong>agunt</strong></span> <span class='ocrx_word' id='word_1_87' title='bbox 2063 2358 2070 2364; x_wconf 87' lang='lat'>-</span> 
     </span>
     <span class='ocr_line' id='line_1_21' title="bbox 818 2395 1700 2480; baseline 0 -20"><span class='ocrx_word' id='word_1_88' title='bbox 818 2395 1147 2480; x_wconf 83' lang='lat' dir='ltr'><strong>Scelusque</strong></span> <span class='ocrx_word' id='word_1_89' title='bbox 1178 2398 1481 2461; x_wconf 88' lang='lat' dir='ltr'><strong>fraternae</strong></span> <span class='ocrx_word' id='word_1_90' title='bbox 1512 2399 1700 2476; x_wconf 90' lang='lat' dir='ltr'><strong>necis,</strong></span> 
     </span>
    </p>

    <p class='ocr_par' dir='ltr' id='par_1_13' title="bbox 727 2479 1961 2654">
     <span class='ocr_line' id='line_1_22' title="bbox 727 2479 1961 2546; baseline 0 0"><span class='ocrx_word' id='word_1_91' title='bbox 727 2479 821 2546; x_wconf 86' lang='lat' dir='ltr'><strong>Ut</strong></span> <span class='ocrx_word' id='word_1_92' title='bbox 847 2481 1213 2545; x_wconf 88' lang='lat' dir='ltr'><strong>immerentis</strong></span> <span class='ocrx_word' id='word_1_93' title='bbox 1241 2484 1412 2546; x_wconf 84' lang='lat' dir='ltr'><strong>fluxit</strong></span> <span class='ocrx_word' id='word_1_94' title='bbox 1439 2483 1502 2546; x_wconf 87' lang='lat' dir='ltr'><strong>in</strong></span> <span class='ocrx_word' id='word_1_95' title='bbox 1531 2490 1755 2546; x_wconf 87' lang='lat' dir='ltr'><strong>terram</strong></span> <span class='ocrx_word' id='word_1_96' title='bbox 1784 2482 1961 2546; x_wconf 90' lang='lat' dir='ltr'><strong>Remi</strong></span> 
     </span>
     <span class='ocr_line' id='line_1_23' title="bbox 812 2565 1566 2654; baseline 0.001 -22"><span class='ocrx_word' id='word_1_97' title='bbox 812 2565 1000 2632; x_wconf 85' lang='lat' dir='ltr'><strong>Sacer</strong></span> <span class='ocrx_word' id='word_1_98' title='bbox 1026 2568 1340 2654; x_wconf 86' lang='lat' dir='ltr'><strong>nepotibus</strong></span> <span class='ocrx_word' id='word_1_99' title='bbox 1371 2590 1566 2633; x_wconf 88' lang='lat' dir='ltr'><strong>cruor.</strong></span> 
     </span>
    </p>
   </div>
   <div class='ocr_carea' id='block_1_5' title="bbox 1024 2995 1806 3062">
    <p class='ocr_par' dir='ltr' id='par_1_14' title="bbox 1024 2995 1806 3062">
     <span class='ocr_line' id='line_1_24' title="bbox 1024 2995 1806 3062; baseline 0 -2"><span class='ocrx_word' id='word_1_100' title='bbox 1024 2995 1488 3061; x_wconf 78' lang='lat' dir='ltr'>CARMEN</span> <span class='ocrx_word' id='word_1_101' title='bbox 1545 2997 1806 3062; x_wconf 90' lang='lat' dir='ltr'><strong>VIII.</strong></span> 
     </span>
    </p>
   </div>
   <div class='ocr_carea' id='block_1_6' title="bbox 720 3333 2012 3833">
    <p class='ocr_par' dir='ltr' id='par_1_15' title="bbox 722 3333 1844 3504">
     <span class='ocr_line' id='line_1_25' title="bbox 722 3333 1844 3418; baseline 0 -16"><span class='ocrx_word' id='word_1_102' title='bbox 722 3337 993 3402; x_wconf 71' lang='lat' dir='ltr'><strong>ROGARE</strong></span> <span class='ocrx_word' id='word_1_103' title='bbox 1020 3336 1197 3416; x_wconf 86' lang='lat' dir='ltr'><strong>longo</strong></span> <span class='ocrx_word' id='word_1_104' title='bbox 1227 3333 1497 3417; x_wconf 85' lang='lat' dir='ltr'><strong>putidam</strong></span> <span class='ocrx_word' id='word_1_105' title='bbox 1525 3341 1588 3398; x_wconf 82' lang='lat' dir='ltr'><strong>te</strong></span> <span class='ocrx_word' id='word_1_106' title='bbox 1619 3339 1844 3418; x_wconf 83' lang='lat' dir='ltr'><strong>seeu10,</strong></span> 
     </span>
     <span class='ocr_line' id='line_1_26' title="bbox 806 3421 1678 3504; baseline 0.002 -19"><span class='ocrx_word' id='word_1_107' title='bbox 806 3421 989 3485; x_wconf 91' lang='lat' dir='ltr'><strong>Vires</strong></span> <span class='ocrx_word' id='word_1_108' title='bbox 1020 3421 1165 3504; x_wconf 89' lang='lat' dir='ltr'><strong>quid</strong></span> <span class='ocrx_word' id='word_1_109' title='bbox 1196 3428 1446 3482; x_wconf 87' lang='lat' dir='ltr'><strong>enervet</strong></span> <span class='ocrx_word' id='word_1_110' title='bbox 1471 3443 1636 3484; x_wconf 84' lang='lat' dir='ltr'><strong>meas</strong></span> <span class='ocrx_word' id='word_1_111' title='bbox 1661 3421 1678 3488; x_wconf 67' lang='grc' dir='ltr'><strong>ἵ.</strong></span> 
     </span>
    </p>

    <p class='ocr_par' dir='ltr' id='par_1_16' title="bbox 721 3505 2012 3675">
     <span class='ocr_line' id='line_1_27' title="bbox 721 3505 2012 3593; baseline 0.005 -24"><span class='ocrx_word' id='word_1_112' title='bbox 721 3505 875 3569; x_wconf 85' lang='lat' dir='ltr'><strong>Cum</strong></span> <span class='ocrx_word' id='word_1_113' title='bbox 920 3506 999 3568; x_wconf 85' lang='lat' dir='ltr'><strong>sit</strong></span> <span class='ocrx_word' id='word_1_114' title='bbox 1042 3507 1149 3570; x_wconf 89' lang='lat' dir='ltr'><strong>tibi</strong></span> <span class='ocrx_word' id='word_1_115' title='bbox 1192 3505 1340 3568; x_wconf 88' lang='lat' dir='ltr'><strong>dens</strong></span> <span class='ocrx_word' id='word_1_116' title='bbox 1371 3513 1504 3569; x_wconf 84' lang='lat' dir='ltr'><strong>ater</strong></span> <span class='ocrx_word' id='word_1_117' title='bbox 1551 3517 1614 3570; x_wconf 90' lang='lat' dir='ltr'><strong>et</strong></span> <span class='ocrx_word' id='word_1_118' title='bbox 1643 3510 1809 3593; x_wconf 85' lang='lat' dir='ltr'><strong>rugis</strong></span> <span class='ocrx_word' id='word_1_119' title='bbox 1839 3517 2012 3575; x_wconf 84' lang='lat' dir='ltr'><strong>vetus</strong></span> 
     </span>
     <span class='ocr_line' id='line_1_28' title="bbox 806 3591 1657 3675; baseline 0.004 -21"><span class='ocrx_word' id='word_1_120' title='bbox 806 3591 1089 3654; x_wconf 88' lang='lat' dir='ltr'><strong>Frontem</strong></span> <span class='ocrx_word' id='word_1_121' title='bbox 1119 3599 1398 3654; x_wconf 87' lang='lat' dir='ltr'><strong>senectus</strong></span> <span class='ocrx_word' id='word_1_122' title='bbox 1429 3601 1657 3675; x_wconf 84' lang='lat' dir='ltr'><strong>exaret,</strong></span> 
     </span>
    </p>

    <p class='ocr_par' dir='ltr' id='par_1_17' title="bbox 720 3677 1826 3833">
     <span class='ocr_line' id='line_1_29' title="bbox 720 3677 1826 3762; baseline 0.005 -22"><span class='ocrx_word' id='word_1_123' title='bbox 720 3677 988 3762; x_wconf 90' lang='lat' dir='ltr'><strong>Hietque</strong></span> <span class='ocrx_word' id='word_1_124' title='bbox 1024 3677 1211 3761; x_wconf 80' lang='lat' dir='ltr'><strong>turpis</strong></span> <span class='ocrx_word' id='word_1_125' title='bbox 1239 3679 1398 3741; x_wconf 91' lang='lat' dir='ltr'><strong>inter</strong></span> <span class='ocrx_word' id='word_1_126' title='bbox 1428 3681 1625 3744; x_wconf 85' lang='lat' dir='ltr'><strong>aridas</strong></span> <span class='ocrx_word' id='word_1_127' title='bbox 1655 3687 1826 3745; x_wconf 87' lang='lat' dir='ltr'><strong>nates</strong></span> 
     </span>
     <span class='ocr_line' id='line_1_30' title="bbox 802 3763 1696 3833; baseline 0.004 -6"><span class='ocrx_word' id='word_1_128' title='bbox 802 3763 1013 3828; x_wconf 84' lang='lat' dir='ltr'><strong>Podex</strong></span> <span class='ocrx_word' id='word_1_129' title='bbox 1063 3766 1229 3830; x_wconf 86' lang='lat' dir='ltr'><strong>velut</strong></span> <span class='ocrx_word' id='word_1_130' title='bbox 1258 3765 1482 3833; x_wconf 76' lang='lat' dir='ltr'><strong>crudae</strong></span> <span class='ocrx_word' id='word_1_131' title='bbox 1511 3767 1696 3831; x_wconf 75' lang='lat' dir='ltr'><strong>bovis·</strong></span> 
     </span>
    </p>
   </div>
   <div class='ocr_carea' id='block_1_7' title="bbox 2409 1731 2473 1780">
    <p class='ocr_par' dir='ltr' id='par_1_18' title="bbox 2409 1731 2473 1780">
     <span class='ocr_line' id='line_1_31' title="bbox 2409 1731 2473 1780; baseline 0.016 -1"><span class='ocrx_word' id='word_1_132' title='bbox 2409 1731 2473 1780; x_wconf 90' lang='grc'><strong>10</strong></span> 
     </span>
    </p>
   </div>
   <div class='ocr_carea' id='block_1_8' title="bbox 2405 2161 2466 2209">
    <p class='ocr_par' dir='ltr' id='par_1_19' title="bbox 2405 2161 2466 2209">
     <span class='ocr_line' id='line_1_32' title="bbox 2405 2161 2466 2209; baseline 0.016 -1"><span class='ocrx_word' id='word_1_133' title='bbox 2405 2161 2466 2209; x_wconf 88' lang='lat'><strong>15</strong></span> 
     </span>
    </p>
   </div>
  </div>
 </body>
</html>
