<?xml version="1.0" encoding="UTF-8"?>
<!DOCTYPE html PUBLIC "-//W3C//DTD XHTML 1.0 Transitional//EN"
    "http://www.w3.org/TR/xhtml1/DTD/xhtml1-transitional.dtd">
<html xmlns="http://www.w3.org/1999/xhtml" xml:lang="en" lang="en">
 <head>
  <title>
</title>
<meta http-equiv="Content-Type" content="text/html;charset=utf-8" />
  <meta name='ocr-system' content='tesseract 3.04.00' />
  <meta name='ocr-capabilities' content='ocr_page ocr_carea ocr_par ocr_line ocrx_word'/>
</head>
<body>
  <div class='ocr_page' id='page_1' title='image "./workshorace01chasgoog_0194.png"; bbox 0 0 2675 4409; ppageno 0'>
   <div class='ocr_carea' id='block_1_1' title="bbox 979 304 2316 371">
    <p class='ocr_par' dir='ltr' id='par_1_1' title="bbox 979 304 2316 371">
     <span class='ocr_line' id='line_1_1' title="bbox 979 304 2316 371; baseline 0.006 -10"><span class='ocrx_word' id='word_1_1' title='bbox 979 314 1106 362; x_wconf 75' lang='grc' dir='ltr'>ΗΒ.</span> <span class='ocrx_word' id='word_1_2' title='bbox 1150 314 1223 361; x_wconf 88' lang='lat'>11.</span> <span class='ocrx_word' id='word_1_3' title='bbox 1271 314 1406 363; x_wconf 61' lang='lat' dir='ltr'>sxr.</span> <span class='ocrx_word' id='word_1_4' title='bbox 1452 314 1603 365; x_wconf 86' lang='lat' dir='ltr'>vm.</span> <span class='ocrx_word' id='word_1_5' title='bbox 2188 304 2316 371; x_wconf 77' lang='grc'>179</span> 
     </span>
    </p>
   </div>
   <div class='ocr_carea' id='block_1_2' title="bbox 196 469 2479 3909">
    <p class='ocr_par' dir='ltr' id='par_1_2' title="bbox 213 469 1708 536">
     <span class='ocr_line' id='line_1_2' title="bbox 213 469 1708 536; baseline -0.001 0"><span class='ocrx_word' id='word_1_6' title='bbox 213 470 506 536; x_wconf 85' lang='lat' dir='ltr'>Audieris</span> <span class='ocrx_word' id='word_1_7' title='bbox 535 470 769 535; x_wconf 87' lang='lat' dir='ltr'>melius.</span> <span class='ocrx_word' id='word_1_8' title='bbox 862 469 1016 533; x_wconf 80' lang='lat' dir='ltr'>Tum</span> <span class='ocrx_word' id='word_1_9' title='bbox 1043 469 1325 533; x_wconf 78' lang='lat' dir='ltr'>Vibidius</span> <span class='ocrx_word' id='word_1_10' title='bbox 1357 469 1708 535; x_wconf 76' lang='lat' dir='ltr'>Balatroni:</span> 
     </span>
    </p>

    <p class='ocr_par' dir='ltr' id='par_1_3' title="bbox 211 556 1689 621">
     <span class='ocr_line' id='line_1_3' title="bbox 211 556 1689 621; baseline -0.002 0"><span class='ocrx_word' id='word_1_11' title='bbox 211 557 340 621; x_wconf 84' lang='lat' dir='ltr'>Nos</span> <span class='ocrx_word' id='word_1_12' title='bbox 371 559 495 621; x_wconf 89' lang='lat' dir='ltr'>nisi</span> <span class='ocrx_word' id='word_1_13' title='bbox 525 558 807 621; x_wconf 89' lang='lat' dir='ltr'>damnose</span> <span class='ocrx_word' id='word_1_14' title='bbox 837 556 1093 620; x_wconf 82' lang='lat' dir='ltr'>bibimus</span> <span class='ocrx_word' id='word_1_15' title='bbox 1121 556 1447 619; x_wconf 89' lang='lat' dir='ltr'>moriemur</span> <span class='ocrx_word' id='word_1_16' title='bbox 1475 558 1689 620; x_wconf 87' lang='lat' dir='ltr'>inulti:</span> 
     </span>
    </p>

    <p class='ocr_par' dir='ltr' id='par_1_4' title="bbox 210 641 2309 814">
     <span class='ocr_line' id='line_1_4' title="bbox 210 641 2309 727; baseline -0 -20"><span class='ocrx_word' id='word_1_17' title='bbox 210 643 294 707; x_wconf 84' lang='lat' dir='ltr'>Et</span> <span class='ocrx_word' id='word_1_18' title='bbox 323 645 552 708; x_wconf 81' lang='lat' dir='ltr'>calices</span> <span class='ocrx_word' id='word_1_19' title='bbox 583 643 775 725; x_wconf 90' lang='lat' dir='ltr'>poscit</span> <span class='ocrx_word' id='word_1_20' title='bbox 804 644 1076 727; x_wconf 85' lang='lat' dir='ltr'>majores.</span> <span class='ocrx_word' id='word_1_21' title='bbox 1164 641 1430 706; x_wconf 80' lang='lat' dir='ltr'>Vertere</span> <span class='ocrx_word' id='word_1_22' title='bbox 1470 644 1659 726; x_wconf 88' lang='lat' dir='ltr'>pallor</span> <span class='ocrx_word' id='word_1_23' title='bbox 2247 665 2309 717; x_wconf 75' lang='lat'>35</span> 
     </span>
     <span class='ocr_line' id='line_1_5' title="bbox 210 728 1779 814; baseline 0.001 -23"><span class='ocrx_word' id='word_1_24' title='bbox 210 730 364 792; x_wconf 76' lang='lat' dir='ltr'>Tum</span> <span class='ocrx_word' id='word_1_25' title='bbox 395 730 650 814; x_wconf 84' lang='lat' dir='ltr'>parochi</span> <span class='ocrx_word' id='word_1_26' title='bbox 679 728 895 792; x_wconf 81' lang='lat' dir='ltr'>faciem</span> <span class='ocrx_word' id='word_1_27' title='bbox 926 730 1007 790; x_wconf 90' lang='lat' dir='ltr'>nil</span> <span class='ocrx_word' id='word_1_28' title='bbox 1037 728 1122 791; x_wconf 87' lang='lat' dir='ltr'>sic</span> <span class='ocrx_word' id='word_1_29' title='bbox 1153 729 1477 791; x_wconf 87' lang='lat' dir='ltr'>metuentis</span> <span class='ocrx_word' id='word_1_30' title='bbox 1508 736 1577 791; x_wconf 91' lang='lat' dir='ltr'>ut</span> <span class='ocrx_word' id='word_1_31' title='bbox 1608 750 1779 793; x_wconf 90' lang='lat' dir='ltr'>acres</span> 
     </span>
    </p>

    <p class='ocr_par' dir='ltr' id='par_1_5' title="bbox 209 814 1640 898">
     <span class='ocr_line' id='line_1_6' title="bbox 209 814 1640 898; baseline -0.001 -19"><span class='ocrx_word' id='word_1_32' title='bbox 209 815 493 895; x_wconf 82' lang='lat' dir='ltr'>Potores,</span> <span class='ocrx_word' id='word_1_33' title='bbox 525 817 624 879; x_wconf 85' lang='lat' dir='ltr'>vel</span> <span class='ocrx_word' id='word_1_34' title='bbox 654 815 815 898; x_wconf 90' lang='lat' dir='ltr'>quod</span> <span class='ocrx_word' id='word_1_35' title='bbox 843 816 998 877; x_wconf 91' lang='lat' dir='ltr'>male</span> <span class='ocrx_word' id='word_1_36' title='bbox 1030 814 1239 876; x_wconf 88' lang='lat' dir='ltr'>dicunt</span> <span class='ocrx_word' id='word_1_37' title='bbox 1267 814 1513 878; x_wconf 88' lang='lat' dir='ltr'>liberius</span> <span class='ocrx_word' id='word_1_38' title='bbox 1542 816 1640 877; x_wconf 82' lang='lat' dir='ltr'>vel</span> 
     </span>
    </p>

    <p class='ocr_par' dir='ltr' id='par_1_6' title="bbox 205 900 1766 985">
     <span class='ocr_line' id='line_1_7' title="bbox 205 900 1766 985; baseline -0.001 -22"><span class='ocrx_word' id='word_1_39' title='bbox 205 901 481 965; x_wconf 85' lang='lat' dir='ltr'>Fervida</span> <span class='ocrx_word' id='word_1_40' title='bbox 513 901 672 985; x_wconf 90' lang='lat' dir='ltr'>quod</span> <span class='ocrx_word' id='word_1_41' title='bbox 701 901 917 963; x_wconf 77' lang='lat' dir='ltr'>subtile</span> <span class='ocrx_word' id='word_1_42' title='bbox 950 900 1282 963; x_wconf 78' lang='lat' dir='ltr'>exsurdant</span> <span class='ocrx_word' id='word_1_43' title='bbox 1311 902 1452 963; x_wconf 86' lang='lat' dir='ltr'>vina</span> <span class='ocrx_word' id='word_1_44' title='bbox 1480 901 1766 984; x_wconf 88' lang='lat' dir='ltr'>palatum.</span> 
     </span>
    </p>

    <p class='ocr_par' dir='ltr' id='par_1_7' title="bbox 206 986 1266 1051">
     <span class='ocr_line' id='line_1_8' title="bbox 206 986 1266 1051; baseline 0.002 -2"><span class='ocrx_word' id='word_1_45' title='bbox 206 987 542 1051; x_wconf 89' lang='lat' dir='ltr'>Invertunt</span> <span class='ocrx_word' id='word_1_46' title='bbox 571 987 852 1050; x_wconf 85' lang='lat' dir='ltr'>Allifanis</span> <span class='ocrx_word' id='word_1_47' title='bbox 887 986 1115 1049; x_wconf 87' lang='lat' dir='ltr'>vinaria</span> <span class='ocrx_word' id='word_1_48' title='bbox 1139 993 1266 1051; x_wconf 81' lang='lat' dir='ltr'>tota</span> 
     </span>
    </p>

    <p class='ocr_par' dir='ltr' id='par_1_8' title="bbox 204 1071 2308 1239">
     <span class='ocr_line' id='line_1_9' title="bbox 204 1071 2308 1155; baseline -0 -20"><span class='ocrx_word' id='word_1_49' title='bbox 204 1072 499 1136; x_wconf 90' lang='lat' dir='ltr'>Vibidius</span> <span class='ocrx_word' id='word_1_50' title='bbox 529 1073 923 1155; x_wconf 82' lang='lat' dir='ltr'>Balatroque,</span> <span class='ocrx_word' id='word_1_51' title='bbox 954 1073 1178 1135; x_wconf 88' lang='lat' dir='ltr'>secutis</span> <span class='ocrx_word' id='word_1_52' title='bbox 1209 1071 1481 1141; x_wconf 88' lang='lat' dir='ltr'>omnibus</span> <span class='ocrx_word' id='word_1_53' title='bbox 1508 1092 1524 1148; x_wconf 92' lang='grc'><strong>;</strong></span> <span class='ocrx_word' id='word_1_54' title='bbox 1567 1071 1670 1135; x_wconf 91' lang='lat' dir='ltr'>imi</span> <span class='ocrx_word' id='word_1_55' title='bbox 2244 1096 2308 1147; x_wconf 77' lang='lat'>4⁰</span> 
     </span>
     <span class='ocr_line' id='line_1_10' title="bbox 204 1158 1550 1239; baseline -0.003 -16"><span class='ocrx_word' id='word_1_56' title='bbox 204 1158 521 1223; x_wconf 85' lang='lat' dir='ltr'>Convivae</span> <span class='ocrx_word' id='word_1_57' title='bbox 551 1159 696 1221; x_wconf 90' lang='lat' dir='ltr'>lecti</span> <span class='ocrx_word' id='word_1_58' title='bbox 724 1159 973 1221; x_wconf 89' lang='lat' dir='ltr'>nihilum</span> <span class='ocrx_word' id='word_1_59' title='bbox 1003 1179 1264 1221; x_wconf 89' lang='lat' dir='ltr'>nocuere</span> <span class='ocrx_word' id='word_1_60' title='bbox 1295 1159 1550 1239; x_wconf 81' lang='lat' dir='ltr'>lagenis.</span> 
     </span>
    </p>

    <p class='ocr_par' dir='ltr' id='par_1_9' title="bbox 201 1245 1582 1329">
     <span class='ocr_line' id='line_1_11' title="bbox 201 1245 1582 1329; baseline -0.001 -22"><span class='ocrx_word' id='word_1_61' title='bbox 201 1246 492 1309; x_wconf 86' lang='lat' dir='ltr'>Affertur</span> <span class='ocrx_word' id='word_1_62' title='bbox 521 1245 765 1329; x_wconf 86' lang='lat' dir='ltr'>squillas</span> <span class='ocrx_word' id='word_1_63' title='bbox 794 1245 951 1307; x_wconf 84' lang='lat' dir='ltr'>inter</span> <span class='ocrx_word' id='word_1_64' title='bbox 983 1264 1272 1307; x_wconf 83' lang='lat' dir='ltr'>muraena</span> <span class='ocrx_word' id='word_1_65' title='bbox 1300 1251 1582 1306; x_wconf 85' lang='lat' dir='ltr'>natantes</span> 
     </span>
    </p>

    <p class='ocr_par' dir='ltr' id='par_1_10' title="bbox 201 1328 2304 1427">
     <span class='ocr_line' id='line_1_12' title="bbox 201 1328 2304 1427; baseline 0 -34"><span class='ocrx_word' id='word_1_66' title='bbox 201 1330 276 1393; x_wconf 90' lang='lat' dir='ltr'>In</span> <span class='ocrx_word' id='word_1_67' title='bbox 307 1330 527 1427; x_wconf 67' lang='lat' dir='ltr'>patipa</span> <span class='ocrx_word' id='word_1_68' title='bbox 555 1336 854 1414; x_wconf 84' lang='lat' dir='ltr'>porrecta.</span> <span class='ocrx_word' id='word_1_69' title='bbox 949 1329 1076 1393; x_wconf 86' lang='lat' dir='ltr'>Sub</span> <span class='ocrx_word' id='word_1_70' title='bbox 1105 1331 1216 1393; x_wconf 90' lang='lat' dir='ltr'>hoc</span> <span class='ocrx_word' id='word_1_71' title='bbox 1247 1330 1471 1393; x_wconf 87' lang='lat' dir='ltr'>herus:</span> <span class='ocrx_word' id='word_1_72' title='bbox 1518 1334 1535 1366; x_wconf 93' lang='lat'>‘</span> <span class='ocrx_word' id='word_1_73' title='bbox 1553 1328 1728 1392; x_wconf 87' lang='lat' dir='ltr'>Haec</span> <span class='ocrx_word' id='word_1_74' title='bbox 1760 1329 2055 1412; x_wconf 85' lang='lat' dir='ltr'>gravida‚’</span> <span class='ocrx_word' id='word_1_75' title='bbox 2086 1328 2304 1415; x_wconf 82' lang='lat' dir='ltr'>inquit,</span> 
     </span>
    </p>

    <p class='ocr_par' dir='ltr' id='par_1_11' title="bbox 203 1416 2227 1501">
     <span class='ocr_line' id='line_1_13' title="bbox 203 1416 2227 1501; baseline -0.002 -21"><span class='ocrx_word' id='word_1_76' title='bbox 203 1422 221 1453; x_wconf 93' lang='lat'>‘</span> <span class='ocrx_word' id='word_1_77' title='bbox 243 1416 448 1501; x_wconf 85' lang='lat' dir='ltr'>Capta</span> <span class='ocrx_word' id='word_1_78' title='bbox 481 1425 598 1493; x_wconf 87' lang='lat' dir='ltr'>est,</span> <span class='ocrx_word' id='word_1_79' title='bbox 634 1416 896 1479; x_wconf 78' lang='lat' dir='ltr'>deterior</span> <span class='ocrx_word' id='word_1_80' title='bbox 925 1422 1059 1499; x_wconf 86' lang='lat' dir='ltr'>post</span> <span class='ocrx_word' id='word_1_81' title='bbox 1089 1422 1329 1499; x_wconf 86' lang='lat' dir='ltr'>partum</span> <span class='ocrx_word' id='word_1_82' title='bbox 1362 1436 1542 1479; x_wconf 89' lang='lat' dir='ltr'>carne</span> <span class='ocrx_word' id='word_1_83' title='bbox 1574 1416 1795 1478; x_wconf 68' lang='lat' dir='ltr'>futura„</span> <span class='ocrx_word' id='word_1_84' title='bbox 2220 1418 2227 1427; x_wconf 87' lang='lat'>&#39;</span> 
     </span>
    </p>

    <p class='ocr_par' dir='ltr' id='par_1_12' title="bbox 199 1500 2391 1843">
     <span class='ocr_line' id='line_1_14' title="bbox 201 1500 2302 1586; baseline 0 -22"><span class='ocrx_word' id='word_1_85' title='bbox 201 1502 318 1566; x_wconf 89' lang='lat' dir='ltr'>His</span> <span class='ocrx_word' id='word_1_86' title='bbox 348 1502 612 1585; x_wconf 78' lang='lat' dir='ltr'>mixtum</span> <span class='ocrx_word' id='word_1_87' title='bbox 632 1503 735 1585; x_wconf 86' lang='lat' dir='ltr'>jus</span> <span class='ocrx_word' id='word_1_88' title='bbox 767 1508 860 1565; x_wconf 86' lang='lat' dir='ltr'>est</span> <span class='ocrx_word' id='word_1_89' title='bbox 886 1523 900 1563; x_wconf 73' lang='grc' dir='ltr'><strong><em>ε</em></strong></span> <span class='ocrx_word' id='word_1_90' title='bbox 949 1502 1078 1565; x_wconf 83' lang='grc'><strong>0160</strong></span> <span class='ocrx_word' id='word_1_91' title='bbox 1109 1502 1270 1585; x_wconf 90' lang='lat' dir='ltr'>quod</span> <span class='ocrx_word' id='word_1_92' title='bbox 1300 1502 1493 1586; x_wconf 85' lang='lat' dir='ltr'>prima</span> <span class='ocrx_word' id='word_1_93' title='bbox 1521 1500 1781 1565; x_wconf 83' lang='lat' dir='ltr'>Venafri</span> <span class='ocrx_word' id='word_1_94' title='bbox 2236 1520 2302 1571; x_wconf 70' lang='lat'>45</span> 
     </span>
     <span class='ocr_line' id='line_1_15' title="bbox 199 1584 2391 1683; baseline 0.001 -32"><span class='ocrx_word' id='word_1_95' title='bbox 199 1588 442 1652; x_wconf 85' lang='lat' dir='ltr'>Pressit</span> <span class='ocrx_word' id='word_1_96' title='bbox 474 1589 628 1652; x_wconf 85' lang='lat' dir='ltr'>cella</span> <span class='ocrx_word' id='word_1_97' title='bbox 653 1609 670 1665; x_wconf 91' lang='lat'>;</span> <span class='ocrx_word' id='word_1_98' title='bbox 717 1609 863 1669; x_wconf 85' lang='lat' dir='ltr'>garo</span> <span class='ocrx_word' id='word_1_99' title='bbox 894 1588 968 1649; x_wconf 90' lang='lat' dir='ltr'>de</span> <span class='ocrx_word' id='word_1_100' title='bbox 1001 1588 1196 1651; x_wconf 89' lang='lat' dir='ltr'>succis</span> <span class='ocrx_word' id='word_1_101' title='bbox 1227 1588 1407 1672; x_wconf 89' lang='lat' dir='ltr'>piscis</span> <span class='ocrx_word' id='word_1_102' title='bbox 1437 1588 1692 1665; x_wconf 70' lang='lat' dir='ltr'>Hiberi3</span> <span class='ocrx_word' id='word_1_103' title='bbox 1748 1584 1830 1683; x_wconf 50' lang='lat' dir='ltr'>jz?</span> <span class='ocrx_word' id='word_1_104' title='bbox 2382 1636 2391 1653; x_wconf 86' lang='lat'><em>.</em></span> 
     </span>
     <span class='ocr_line' id='line_1_16' title="bbox 199 1654 2385 1758; baseline -0 -21"><span class='ocrx_word' id='word_1_105' title='bbox 199 1674 364 1737; x_wconf 89' lang='lat' dir='ltr'>Vino</span> <span class='ocrx_word' id='word_1_106' title='bbox 396 1674 796 1758; x_wconf 86' lang='lat' dir='ltr'>quinquenni,</span> <span class='ocrx_word' id='word_1_107' title='bbox 827 1695 1037 1737; x_wconf 84' lang='lat' dir='ltr'>verum</span> <span class='ocrx_word' id='word_1_108' title='bbox 1070 1674 1222 1737; x_wconf 89' lang='lat' dir='ltr'>citra</span> <span class='ocrx_word' id='word_1_109' title='bbox 1249 1696 1415 1736; x_wconf 89' lang='lat' dir='ltr'>mare</span> <span class='ocrx_word' id='word_1_110' title='bbox 1446 1682 1609 1753; x_wconf 89' lang='lat' dir='ltr'>nato,</span> <span class='ocrx_word' id='word_1_111' title='bbox 1740 1686 1747 1725; x_wconf 70' lang='lat'><strong>²</strong></span> <span class='ocrx_word' id='word_1_112' title='bbox 2170 1698 2177 1707; x_wconf 90' lang='lat'><strong>·</strong></span> <span class='ocrx_word' id='word_1_113' title='bbox 2344 1654 2385 1726; x_wconf 72' lang='lat' dir='ltr'><em>s</em></span> 
     </span>
     <span class='ocr_line' id='line_1_17' title="bbox 203 1759 1919 1843; baseline 0.001 -21"><span class='ocrx_word' id='word_1_114' title='bbox 203 1760 364 1823; x_wconf 90' lang='lat' dir='ltr'>Dum</span> <span class='ocrx_word' id='word_1_115' title='bbox 399 1762 685 1843; x_wconf 87' lang='lat' dir='ltr'>coquitur</span> <span class='ocrx_word' id='word_1_116' title='bbox 703 1796 787 1807; x_wconf 91' lang='lat'>—</span> <span class='ocrx_word' id='word_1_117' title='bbox 807 1767 975 1823; x_wconf 86' lang='lat' dir='ltr'>cocto</span> <span class='ocrx_word' id='word_1_118' title='bbox 1009 1759 1226 1822; x_wconf 86' lang='lat' dir='ltr'>Chium</span> <span class='ocrx_word' id='word_1_119' title='bbox 1257 1760 1342 1822; x_wconf 92' lang='lat' dir='ltr'>sic</span> <span class='ocrx_word' id='word_1_120' title='bbox 1375 1760 1674 1838; x_wconf 87' lang='lat' dir='ltr'>convenit,</span> <span class='ocrx_word' id='word_1_121' title='bbox 1704 1766 1775 1822; x_wconf 86' lang='lat' dir='ltr'>ut</span> <span class='ocrx_word' id='word_1_122' title='bbox 1801 1780 1919 1823; x_wconf 87' lang='lat' dir='ltr'>non</span> 
     </span>
    </p>

    <p class='ocr_par' dir='ltr' id='par_1_13' title="bbox 203 1844 2078 1929">
     <span class='ocr_line' id='line_1_18' title="bbox 203 1844 2078 1929; baseline -0.001 -21"><span class='ocrx_word' id='word_1_123' title='bbox 203 1847 335 1910; x_wconf 91' lang='lat' dir='ltr'>Hoc</span> <span class='ocrx_word' id='word_1_124' title='bbox 369 1847 570 1929; x_wconf 84' lang='lat' dir='ltr'>magis</span> <span class='ocrx_word' id='word_1_125' title='bbox 599 1847 789 1908; x_wconf 90' lang='lat' dir='ltr'>ullum</span> <span class='ocrx_word' id='word_1_126' title='bbox 818 1845 981 1909; x_wconf 88' lang='lat' dir='ltr'>aliud</span> <span class='ocrx_word' id='word_1_127' title='bbox 1005 1866 1020 1921; x_wconf 93' lang='lat'>;</span> <span class='ocrx_word' id='word_1_128' title='bbox 1041 1882 1130 1892; x_wconf 95' lang='lat'>-—</span> <span class='ocrx_word' id='word_1_129' title='bbox 1148 1846 1355 1929; x_wconf 87' lang='lat' dir='ltr'>pipere</span> <span class='ocrx_word' id='word_1_130' title='bbox 1388 1844 1543 1925; x_wconf 87' lang='lat' dir='ltr'>albo,</span> <span class='ocrx_word' id='word_1_131' title='bbox 1574 1868 1695 1909; x_wconf 91' lang='lat' dir='ltr'>non</span> <span class='ocrx_word' id='word_1_132' title='bbox 1724 1847 1851 1909; x_wconf 90' lang='lat' dir='ltr'>sine</span> <span class='ocrx_word' id='word_1_133' title='bbox 1882 1850 2078 1925; x_wconf 86' lang='lat' dir='ltr'>aceto,</span> 
     </span>
    </p>

    <p class='ocr_par' dir='ltr' id='par_1_14' title="bbox 196 1930 2299 2101">
     <span class='ocr_line' id='line_1_19' title="bbox 196 1930 2299 2081; baseline 0 -87"><span class='ocrx_word' id='word_1_134' title='bbox 196 1930 379 2081; x_wconf 61' lang='lat' dir='ltr'>Quog</span> <span class='ocrx_word' id='word_1_135' title='bbox 411 1932 911 2029; x_wconf 63' lang='lat' dir='ltr'>Methymnaeam</span> <span class='ocrx_word' id='word_1_136' title='bbox 941 1932 1086 1994; x_wconf 87' lang='lat' dir='ltr'>vitio</span> <span class='ocrx_word' id='word_1_137' title='bbox 1115 1932 1444 1994; x_wconf 88' lang='lat' dir='ltr'>mutaverit</span> <span class='ocrx_word' id='word_1_138' title='bbox 1471 1953 1669 1996; x_wconf 89' lang='lat' dir='ltr'>uvam.</span> <span class='ocrx_word' id='word_1_139' title='bbox 2230 1947 2299 2000; x_wconf 78' lang='grc' dir='ltr'><strong><em>ω</em></strong></span> 
     </span>
     <span class='ocr_line' id='line_1_20' title="bbox 201 2006 1607 2101; baseline 0.001 -22"><span class='ocrx_word' id='word_1_140' title='bbox 201 2006 330 2081; x_wconf 73' lang='lat' dir='ltr'>Em&#39;i</span> <span class='ocrx_word' id='word_1_141' title='bbox 367 2006 717 2096; x_wconf 36' lang='lat' dir='ltr'>&#39;alsffiirideffi</span> <span class='ocrx_word' id='word_1_142' title='bbox 747 2018 939 2081; x_wconf 87' lang='lat' dir='ltr'>inulas</span> <span class='ocrx_word' id='word_1_143' title='bbox 972 2038 1086 2100; x_wconf 82' lang='lat' dir='ltr'>ego</span> <span class='ocrx_word' id='word_1_144' title='bbox 1116 2018 1343 2101; x_wconf 84' lang='lat' dir='ltr'>primus</span> <span class='ocrx_word' id='word_1_145' title='bbox 1374 2039 1607 2081; x_wconf 87' lang='lat' dir='ltr'>amaras</span> 
     </span>
    </p>

    <p class='ocr_par' dir='ltr' id='par_1_15' title="bbox 199 2103 1823 2187">
     <span class='ocr_line' id='line_1_21' title="bbox 199 2103 1823 2187; baseline 0.001 -22"><span class='ocrx_word' id='word_1_146' title='bbox 199 2104 543 2167; x_wconf 86' lang='lat' dir='ltr'>Monstravi</span> <span class='ocrx_word' id='word_1_147' title='bbox 573 2104 895 2187; x_wconf 87' lang='lat' dir='ltr'>incoquere</span> <span class='ocrx_word' id='word_1_148' title='bbox 923 2123 940 2180; x_wconf 91' lang='lat'>;</span> <span class='ocrx_word' id='word_1_149' title='bbox 987 2104 1204 2173; x_wconf 83' lang='lat' dir='ltr'>inlutos</span> <span class='ocrx_word' id='word_1_150' title='bbox 1239 2103 1529 2167; x_wconf 84' lang='lat' dir='ltr'>Curtillus</span> <span class='ocrx_word' id='word_1_151' title='bbox 1560 2104 1823 2184; x_wconf 87' lang='lat' dir='ltr'>echinos,</span> 
     </span>
    </p>

    <p class='ocr_par' dir='ltr' id='par_1_16' title="bbox 201 2189 1745 2273">
     <span class='ocr_line' id='line_1_22' title="bbox 201 2189 1745 2273; baseline -0.001 -20"><span class='ocrx_word' id='word_1_152' title='bbox 201 2189 288 2253; x_wconf 92' lang='lat' dir='ltr'>Ut</span> <span class='ocrx_word' id='word_1_153' title='bbox 318 2191 541 2253; x_wconf 87' lang='lat' dir='ltr'>melius</span> <span class='ocrx_word' id='word_1_154' title='bbox 570 2190 765 2253; x_wconf 85' lang='lat' dir='ltr'>muria</span> <span class='ocrx_word' id='word_1_155' title='bbox 795 2190 956 2273; x_wconf 86' lang='lat' dir='ltr'>quod</span> <span class='ocrx_word' id='word_1_156' title='bbox 986 2197 1146 2253; x_wconf 89' lang='lat' dir='ltr'>testa</span> <span class='ocrx_word' id='word_1_157' title='bbox 1175 2191 1407 2253; x_wconf 88' lang='lat' dir='ltr'>marina</span> <span class='ocrx_word' id='word_1_158' title='bbox 1436 2191 1745 2254; x_wconf 67' lang='lat' dir='ltr'>remittat!</span> 
     </span>
    </p>

    <p class='ocr_par' dir='ltr' id='par_1_17' title="bbox 201 2275 1490 2359">
     <span class='ocr_line' id='line_1_23' title="bbox 201 2275 1490 2359; baseline 0.001 -21"><span class='ocrx_word' id='word_1_159' title='bbox 201 2275 453 2340; x_wconf 87' lang='lat' dir='ltr'>[nterea</span> <span class='ocrx_word' id='word_1_160' title='bbox 482 2297 772 2359; x_wconf 88' lang='lat' dir='ltr'>suspensa</span> <span class='ocrx_word' id='word_1_161' title='bbox 801 2297 1017 2359; x_wconf 85' lang='lat' dir='ltr'>graves</span> <span class='ocrx_word' id='word_1_162' title='bbox 1047 2278 1260 2339; x_wconf 86' lang='lat' dir='ltr'>aulaea</span> <span class='ocrx_word' id='word_1_163' title='bbox 1289 2277 1490 2339; x_wconf 84' lang='lat' dir='ltr'>ruinas</span> 
     </span>
    </p>

    <p class='ocr_par' dir='ltr' id='par_1_18' title="bbox 196 2360 2299 2531">
     <span class='ocr_line' id='line_1_24' title="bbox 196 2360 2299 2449; baseline -0.001 -24"><span class='ocrx_word' id='word_1_164' title='bbox 196 2360 271 2425; x_wconf 85' lang='lat' dir='ltr'>In</span> <span class='ocrx_word' id='word_1_165' title='bbox 301 2362 580 2449; x_wconf 85' lang='lat' dir='ltr'>patinam</span> <span class='ocrx_word' id='word_1_166' title='bbox 608 2362 832 2441; x_wconf 89' lang='lat' dir='ltr'>fecere,</span> <span class='ocrx_word' id='word_1_167' title='bbox 862 2362 1165 2425; x_wconf 85' lang='lat' dir='ltr'>trahentia</span> <span class='ocrx_word' id='word_1_168' title='bbox 1194 2363 1458 2445; x_wconf 88' lang='lat' dir='ltr'>pulveris</span> <span class='ocrx_word' id='word_1_169' title='bbox 1493 2363 1611 2426; x_wconf 86' lang='lat' dir='ltr'>atri</span> <span class='ocrx_word' id='word_1_170' title='bbox 2226 2384 2299 2436; x_wconf 58' lang='grc' dir='ltr'><strong><em>ω</em></strong></span> 
     </span>
     <span class='ocr_line' id='line_1_25' title="bbox 197 2446 2214 2531; baseline -0.001 -20"><span class='ocrx_word' id='word_1_171' title='bbox 197 2446 513 2520; x_wconf 84' lang='lat' dir='ltr'>Quantum</span> <span class='ocrx_word' id='word_1_172' title='bbox 543 2470 662 2510; x_wconf 89' lang='lat' dir='ltr'>non</span> <span class='ocrx_word' id='word_1_173' title='bbox 694 2448 919 2530; x_wconf 89' lang='lat' dir='ltr'>Aquilo</span> <span class='ocrx_word' id='word_1_174' title='bbox 953 2446 1273 2531; x_wconf 81' lang='lat' dir='ltr'>Campanis</span> <span class='ocrx_word' id='word_1_175' title='bbox 1305 2451 1530 2511; x_wconf 89' lang='lat' dir='ltr'>excitat</span> <span class='ocrx_word' id='word_1_176' title='bbox 1560 2448 1738 2530; x_wconf 84' lang='lat' dir='ltr'>agris.</span> <span class='ocrx_word' id='word_1_177' title='bbox 2190 2492 2214 2528; x_wconf 51' lang='lat' dir='ltr'>s</span> 
     </span>
    </p>

    <p class='ocr_par' dir='ltr' id='par_1_19' title="bbox 197 2530 2479 2784">
     <span class='ocr_line' id='line_1_26' title="bbox 197 2530 2479 2618; baseline -0.001 -21"><span class='ocrx_word' id='word_1_178' title='bbox 197 2532 330 2597; x_wconf 84' lang='lat' dir='ltr'>Nos</span> <span class='ocrx_word' id='word_1_179' title='bbox 360 2534 562 2617; x_wconf 82' lang='lat' dir='ltr'>majus</span> <span class='ocrx_word' id='word_1_180' title='bbox 589 2533 765 2596; x_wconf 85' lang='lat' dir='ltr'>veriti</span> <span class='ocrx_word' id='word_1_181' title='bbox 796 2541 1114 2617; x_wconf 88' lang='lat' dir='ltr'>postquam</span> <span class='ocrx_word' id='word_1_182' title='bbox 1143 2535 1288 2596; x_wconf 89' lang='lat' dir='ltr'>nihil</span> <span class='ocrx_word' id='word_1_183' title='bbox 1320 2556 1450 2597; x_wconf 88' lang='lat' dir='ltr'>esse</span> <span class='ocrx_word' id='word_1_184' title='bbox 1482 2535 1692 2618; x_wconf 89' lang='lat' dir='ltr'>pericli</span> <span class='ocrx_word' id='word_1_185' title='bbox 2186 2536 2217 2587; x_wconf 63' lang='grc' dir='ltr'><em>ὅ</em></span> <span class='ocrx_word' id='word_1_186' title='bbox 2252 2530 2281 2575; x_wconf 83' lang='grc'>·”</span> <span class='ocrx_word' id='word_1_187' title='bbox 2321 2542 2331 2565; x_wconf 91' lang='lat'>&#39;</span> <span class='ocrx_word' id='word_1_188' title='bbox 2403 2559 2410 2567; x_wconf 91' lang='lat'><em>·</em></span> <span class='ocrx_word' id='word_1_189' title='bbox 2473 2560 2479 2568; x_wconf 96' lang='lat'>·</span> 
     </span>
     <span class='ocr_line' id='line_1_27' title="bbox 201 2616 1800 2704; baseline -0.001 -23"><span class='ocrx_word' id='word_1_190' title='bbox 201 2618 517 2683; x_wconf 86' lang='lat' dir='ltr'>Sensimus</span> <span class='ocrx_word' id='word_1_191' title='bbox 549 2620 852 2701; x_wconf 84' lang='lat' dir='ltr'>erigimur.</span> <span class='ocrx_word' id='word_1_192' title='bbox 943 2620 1144 2683; x_wconf 89' lang='lat' dir='ltr'>Rufus</span> <span class='ocrx_word' id='word_1_193' title='bbox 1176 2621 1364 2704; x_wconf 89' lang='lat' dir='ltr'>posito</span> <span class='ocrx_word' id='word_1_194' title='bbox 1396 2620 1615 2702; x_wconf 88' lang='lat' dir='ltr'>capite,</span> <span class='ocrx_word' id='word_1_195' title='bbox 1649 2623 1720 2680; x_wconf 90' lang='lat' dir='ltr'>ut</span> <span class='ocrx_word' id='word_1_196' title='bbox 1748 2616 1800 2679; x_wconf 88' lang='lat' dir='ltr'>si</span> 
     </span>
     <span class='ocr_line' id='line_1_28' title="bbox 197 2703 1691 2784; baseline -0.001 -17"><span class='ocrx_word' id='word_1_197' title='bbox 197 2703 776 2769; x_wconf 64' lang='lat' dir='ltr'>Filius²immaturus</span> <span class='ocrx_word' id='word_1_198' title='bbox 810 2706 1055 2784; x_wconf 89' lang='lat' dir='ltr'>obisset,</span> <span class='ocrx_word' id='word_1_199' title='bbox 1085 2706 1252 2768; x_wconf 89' lang='lat' dir='ltr'>flere.</span> <span class='ocrx_word' id='word_1_200' title='bbox 1349 2704 1498 2778; x_wconf 83' lang='lat' dir='ltr'>Quis</span> <span class='ocrx_word' id='word_1_201' title='bbox 1530 2710 1691 2767; x_wconf 88' lang='lat' dir='ltr'>esset</span> 
     </span>
    </p>

    <p class='ocr_par' dir='ltr' id='par_1_20' title="bbox 199 2789 2293 2961">
     <span class='ocr_line' id='line_1_29' title="bbox 199 2789 2293 2875; baseline -0.001 -22"><span class='ocrx_word' id='word_1_202' title='bbox 199 2789 370 2855; x_wconf 88' lang='lat' dir='ltr'>Finis</span> <span class='ocrx_word' id='word_1_203' title='bbox 399 2792 465 2854; x_wconf 89' lang='lat' dir='ltr'>ni</span> <span class='ocrx_word' id='word_1_204' title='bbox 494 2792 733 2875; x_wconf 88' lang='lat' dir='ltr'>sapiens</span> <span class='ocrx_word' id='word_1_205' title='bbox 763 2792 847 2855; x_wconf 88' lang='lat' dir='ltr'>sic</span> <span class='ocrx_word' id='word_1_206' title='bbox 879 2792 1296 2854; x_wconf 87' lang='lat' dir='ltr'>Nomentanus</span> <span class='ocrx_word' id='word_1_207' title='bbox 1327 2791 1585 2854; x_wconf 86' lang='lat' dir='ltr'>amicum</span> <span class='ocrx_word' id='word_1_208' title='bbox 2227 2808 2293 2859; x_wconf 78' lang='lat'>60</span> 
     </span>
     <span class='ocr_line' id='line_1_30' title="bbox 200 2873 1937 2961; baseline -0.002 -22"><span class='ocrx_word' id='word_1_209' title='bbox 200 2876 504 2941; x_wconf 80' lang='lat' dir='ltr'>Tolleret:</span> <span class='ocrx_word' id='word_1_210' title='bbox 552 2884 569 2913; x_wconf 87' lang='lat'>‘</span> <span class='ocrx_word' id='word_1_211' title='bbox 597 2878 765 2956; x_wconf 78' lang='lat' dir='ltr'>HeU,</span> <span class='ocrx_word' id='word_1_212' title='bbox 799 2876 1087 2956; x_wconf 83' lang='lat' dir='ltr'>Fortuna,</span> <span class='ocrx_word' id='word_1_213' title='bbox 1121 2878 1252 2961; x_wconf 91' lang='lat' dir='ltr'>quis</span> <span class='ocrx_word' id='word_1_214' title='bbox 1284 2884 1378 2939; x_wconf 89' lang='lat' dir='ltr'>est</span> <span class='ocrx_word' id='word_1_215' title='bbox 1409 2874 1709 2939; x_wconf 87' lang='lat' dir='ltr'>crudelior</span> <span class='ocrx_word' id='word_1_216' title='bbox 1736 2873 1798 2937; x_wconf 90' lang='lat' dir='ltr'>in</span> <span class='ocrx_word' id='word_1_217' title='bbox 1828 2893 1937 2937; x_wconf 90' lang='lat' dir='ltr'>nos</span> 
     </span>
    </p>

    <p class='ocr_par' dir='ltr' id='par_1_21' title="bbox 202 2961 1719 3047">
     <span class='ocr_line' id='line_1_31' title="bbox 202 2961 1719 3047; baseline -0.001 -23"><span class='ocrx_word' id='word_1_218' title='bbox 202 2961 289 3025; x_wconf 73' lang='lat' dir='ltr'>&#39;l&#39;e</span> <span class='ocrx_word' id='word_1_219' title='bbox 322 2962 521 3026; x_wconf 81' lang='lat' dir='ltr'>deus?</span> <span class='ocrx_word' id='word_1_220' title='bbox 610 2963 700 3027; x_wconf 91' lang='lat' dir='ltr'>Ut</span> <span class='ocrx_word' id='word_1_221' title='bbox 729 2984 968 3047; x_wconf 87' lang='lat' dir='ltr'>semper</span> <span class='ocrx_word' id='word_1_222' title='bbox 997 2962 1226 3046; x_wconf 87' lang='lat' dir='ltr'>gaudes</span> <span class='ocrx_word' id='word_1_223' title='bbox 1255 2963 1509 3026; x_wconf 90' lang='lat' dir='ltr'>illudere</span> <span class='ocrx_word' id='word_1_224' title='bbox 1539 2962 1719 3025; x_wconf 90' lang='lat' dir='ltr'>rebus</span> 
     </span>
    </p>

    <p class='ocr_par' dir='ltr' id='par_1_22' title="bbox 204 3046 1771 3133">
     <span class='ocr_line' id='line_1_32' title="bbox 204 3046 1771 3133; baseline 0 -24"><span class='ocrx_word' id='word_1_225' title='bbox 204 3046 503 3112; x_wconf 88' lang='lat' dir='ltr'>Humanis</span> <span class='ocrx_word' id='word_1_226' title='bbox 524 3048 540 3113; x_wconf 83' lang='lat' dir='ltr'>l</span> <span class='ocrx_word' id='word_1_227' title='bbox 564 3049 580 3078; x_wconf 93' lang='lat'>’</span> <span class='ocrx_word' id='word_1_228' title='bbox 671 3050 898 3113; x_wconf 88' lang='lat' dir='ltr'>Varius</span> <span class='ocrx_word' id='word_1_229' title='bbox 928 3071 1146 3133; x_wconf 87' lang='lat' dir='ltr'>mappa</span> <span class='ocrx_word' id='word_1_230' title='bbox 1176 3070 1555 3131; x_wconf 90' lang='lat' dir='ltr'>compescere</span> <span class='ocrx_word' id='word_1_231' title='bbox 1587 3048 1771 3110; x_wconf 91' lang='lat' dir='ltr'>risum</span> 
     </span>
    </p>

    <p class='ocr_par' dir='ltr' id='par_1_23' title="bbox 202 3132 1787 3218">
     <span class='ocr_line' id='line_1_33' title="bbox 202 3132 1787 3218; baseline 0.001 -22"><span class='ocrx_word' id='word_1_232' title='bbox 202 3132 328 3197; x_wconf 87' lang='lat' dir='ltr'>Vix</span> <span class='ocrx_word' id='word_1_233' title='bbox 357 3140 616 3218; x_wconf 86' lang='lat' dir='ltr'>poterat.</span> <span class='ocrx_word' id='word_1_234' title='bbox 707 3135 958 3198; x_wconf 86' lang='lat' dir='ltr'>Balatro</span> <span class='ocrx_word' id='word_1_235' title='bbox 989 3135 1361 3217; x_wconf 83' lang='lat' dir='ltr'>suspendens</span> <span class='ocrx_word' id='word_1_236' title='bbox 1392 3134 1589 3217; x_wconf 73' lang='lat' dir='ltr'>omnia</span> <span class='ocrx_word' id='word_1_237' title='bbox 1618 3156 1787 3214; x_wconf 81' lang='lat' dir='ltr'>naSO,</span> 
     </span>
    </p>

    <p class='ocr_par' dir='ltr' id='par_1_24' title="bbox 203 3210 2294 3391">
     <span class='ocr_line' id='line_1_34' title="bbox 204 3210 2294 3304; baseline 0 -21"><span class='ocrx_word' id='word_1_238' title='bbox 204 3224 220 3255; x_wconf 92' lang='lat'>‘</span> <span class='ocrx_word' id='word_1_239' title='bbox 243 3220 424 3283; x_wconf 89' lang='lat' dir='ltr'>Haec</span> <span class='ocrx_word' id='word_1_240' title='bbox 453 3228 546 3284; x_wconf 90' lang='lat' dir='ltr'>est</span> <span class='ocrx_word' id='word_1_241' title='bbox 575 3221 844 3285; x_wconf 87' lang='lat' dir='ltr'>condicio</span> <span class='ocrx_word' id='word_1_242' title='bbox 875 3220 1156 3295; x_wconf 85' lang='lat' dir='ltr'>vivendi‚&#39;</span> <span class='ocrx_word' id='word_1_243' title='bbox 1193 3221 1412 3300; x_wconf 87' lang='lat' dir='ltr'>aiebat,</span> <span class='ocrx_word' id='word_1_244' title='bbox 1443 3226 1460 3257; x_wconf 91' lang='lat'>‘</span> <span class='ocrx_word' id='word_1_245' title='bbox 1484 3242 1674 3304; x_wconf 92' lang='lat' dir='ltr'>eoque</span> <span class='ocrx_word' id='word_1_246' title='bbox 2222 3210 2294 3294; x_wconf 68' lang='grc'>65</span> 
     </span>
     <span class='ocr_line' id='line_1_35' title="bbox 203 3304 1751 3391; baseline 0.001 -24"><span class='ocrx_word' id='word_1_247' title='bbox 203 3304 592 3390; x_wconf 86' lang='lat' dir='ltr'>Responsura</span> <span class='ocrx_word' id='word_1_248' title='bbox 621 3314 724 3371; x_wconf 87' lang='lat' dir='ltr'>tuo</span> <span class='ocrx_word' id='word_1_249' title='bbox 753 3330 1062 3391; x_wconf 89' lang='lat' dir='ltr'>nunquam</span> <span class='ocrx_word' id='word_1_250' title='bbox 1094 3315 1187 3370; x_wconf 89' lang='lat' dir='ltr'>est</span> <span class='ocrx_word' id='word_1_251' title='bbox 1216 3329 1327 3390; x_wconf 86' lang='lat' dir='ltr'>par</span> <span class='ocrx_word' id='word_1_252' title='bbox 1355 3308 1515 3370; x_wconf 87' lang='lat' dir='ltr'>fama</span> <span class='ocrx_word' id='word_1_253' title='bbox 1542 3307 1751 3370; x_wconf 88' lang='lat' dir='ltr'>labori.</span> 
     </span>
    </p>

    <p class='ocr_par' dir='ltr' id='par_1_25' title="bbox 204 3391 1661 3477">
     <span class='ocr_line' id='line_1_36' title="bbox 204 3391 1661 3477; baseline 0.001 -23"><span class='ocrx_word' id='word_1_254' title='bbox 204 3391 367 3455; x_wconf 79' lang='lat' dir='ltr'>Tene</span> <span class='ocrx_word' id='word_1_255' title='bbox 400 3400 471 3455; x_wconf 87' lang='lat' dir='ltr'>ut</span> <span class='ocrx_word' id='word_1_256' title='bbox 503 3414 618 3475; x_wconf 85' lang='lat' dir='ltr'>ego</span> <span class='ocrx_word' id='word_1_257' title='bbox 648 3394 911 3477; x_wconf 88' lang='lat' dir='ltr'>accipiar</span> <span class='ocrx_word' id='word_1_258' title='bbox 940 3395 1103 3456; x_wconf 89' lang='lat' dir='ltr'>laute</span> <span class='ocrx_word' id='word_1_259' title='bbox 1136 3394 1473 3475; x_wconf 86' lang='lat' dir='ltr'>torquerier</span> <span class='ocrx_word' id='word_1_260' title='bbox 1503 3394 1661 3456; x_wconf 90' lang='lat' dir='ltr'>omni</span> 
     </span>
    </p>

    <p class='ocr_par' dir='ltr' id='par_1_26' title="bbox 207 3476 1626 3562">
     <span class='ocr_line' id='line_1_37' title="bbox 207 3476 1626 3562; baseline 0.001 -24"><span class='ocrx_word' id='word_1_261' title='bbox 207 3476 620 3541; x_wconf 87' lang='lat' dir='ltr'>Sollicitudine</span> <span class='ocrx_word' id='word_1_262' title='bbox 652 3480 1012 3557; x_wconf 86' lang='lat' dir='ltr'>districtum,</span> <span class='ocrx_word' id='word_1_263' title='bbox 1043 3501 1118 3541; x_wconf 92' lang='lat' dir='ltr'>ne</span> <span class='ocrx_word' id='word_1_264' title='bbox 1153 3481 1320 3562; x_wconf 89' lang='lat' dir='ltr'>panis</span> <span class='ocrx_word' id='word_1_265' title='bbox 1354 3480 1626 3557; x_wconf 64' lang='lat' dir='ltr'>adustm,</span> 
     </span>
    </p>

    <p class='ocr_par' dir='ltr' id='par_1_27' title="bbox 204 3562 1675 3650">
     <span class='ocr_line' id='line_1_38' title="bbox 204 3562 1675 3650; baseline -0.002 -24"><span class='ocrx_word' id='word_1_266' title='bbox 204 3562 303 3627; x_wconf 90' lang='lat' dir='ltr'>Ne</span> <span class='ocrx_word' id='word_1_267' title='bbox 335 3565 490 3627; x_wconf 87' lang='lat' dir='ltr'>male</span> <span class='ocrx_word' id='word_1_268' title='bbox 521 3565 828 3628; x_wconf 89' lang='lat' dir='ltr'>conditum</span> <span class='ocrx_word' id='word_1_269' title='bbox 849 3567 952 3650; x_wconf 89' lang='lat' dir='ltr'>jus</span> <span class='ocrx_word' id='word_1_270' title='bbox 983 3573 1340 3648; x_wconf 85' lang='lat' dir='ltr'>apponatur,</span> <span class='ocrx_word' id='word_1_271' title='bbox 1372 3572 1442 3626; x_wconf 91' lang='lat' dir='ltr'>ut</span> <span class='ocrx_word' id='word_1_272' title='bbox 1471 3582 1675 3627; x_wconf 90' lang='lat' dir='ltr'>omnes</span> 
     </span>
    </p>

    <p class='ocr_par' dir='ltr' id='par_1_28' title="bbox 203 3644 2290 3822">
     <span class='ocr_line' id='line_1_39' title="bbox 203 3644 2290 3735; baseline -0 -23"><span class='ocrx_word' id='word_1_273' title='bbox 203 3648 548 3713; x_wconf 85' lang='lat' dir='ltr'>Praecincti</span> <span class='ocrx_word' id='word_1_274' title='bbox 576 3658 742 3713; x_wconf 88' lang='lat' dir='ltr'>recte</span> <span class='ocrx_word' id='word_1_275' title='bbox 774 3652 946 3735; x_wconf 91' lang='lat' dir='ltr'>pueri</span> <span class='ocrx_word' id='word_1_276' title='bbox 977 3652 1315 3735; x_wconf 68' lang='lat' dir='ltr'>comptique</span> <span class='ocrx_word' id='word_1_277' title='bbox 1346 3644 1720 3713; x_wconf 85' lang='lat' dir='ltr'>ministrent!</span> <span class='ocrx_word' id='word_1_278' title='bbox 2224 3660 2290 3712; x_wconf 78' lang='lat'>70</span> 
     </span>
     <span class='ocr_line' id='line_1_40' title="bbox 205 3733 1638 3822; baseline -0.001 -24"><span class='ocrx_word' id='word_1_279' title='bbox 205 3734 383 3799; x_wconf 90' lang='lat' dir='ltr'>Adde</span> <span class='ocrx_word' id='word_1_280' title='bbox 413 3737 522 3800; x_wconf 89' lang='lat' dir='ltr'>hos</span> <span class='ocrx_word' id='word_1_281' title='bbox 553 3744 872 3822; x_wconf 87' lang='lat' dir='ltr'>praeterea</span> <span class='ocrx_word' id='word_1_282' title='bbox 900 3738 1097 3816; x_wconf 78' lang='lat' dir='ltr'>ca‘suS,</span> <span class='ocrx_word' id='word_1_283' title='bbox 1129 3738 1343 3800; x_wconf 88' lang='lat' dir='ltr'>aulaea</span> <span class='ocrx_word' id='word_1_284' title='bbox 1378 3741 1558 3798; x_wconf 88' lang='lat' dir='ltr'>ruant</span> <span class='ocrx_word' id='word_1_285' title='bbox 1587 3733 1638 3800; x_wconf 81' lang='lat' dir='ltr'>si</span> 
     </span>
    </p>

    <p class='ocr_par' dir='ltr' id='par_1_29' title="bbox 205 3820 1852 3909">
     <span class='ocr_line' id='line_1_41' title="bbox 205 3820 1852 3909; baseline -0.002 -23"><span class='ocrx_word' id='word_1_286' title='bbox 205 3820 295 3887; x_wconf 87' lang='lat' dir='ltr'>Ut</span> <span class='ocrx_word' id='word_1_287' title='bbox 320 3823 494 3888; x_wconf 88' lang='lat' dir='ltr'>modo</span> <span class='ocrx_word' id='word_1_288' title='bbox 518 3844 538 3902; x_wconf 90' lang='lat'>;</span> <span class='ocrx_word' id='word_1_289' title='bbox 584 3824 636 3888; x_wconf 85' lang='lat' dir='ltr'>si</span> <span class='ocrx_word' id='word_1_290' title='bbox 664 3823 932 3909; x_wconf 83' lang='lat' dir='ltr'>patinam</span> <span class='ocrx_word' id='word_1_291' title='bbox 961 3823 1116 3909; x_wconf 86' lang='lat' dir='ltr'>pede</span> <span class='ocrx_word' id='word_1_292' title='bbox 1144 3824 1350 3907; x_wconf 85' lang='lat' dir='ltr'>lapsus</span> <span class='ocrx_word' id='word_1_293' title='bbox 1378 3821 1621 3904; x_wconf 79' lang='lat' dir='ltr'>frangat</span> <span class='ocrx_word' id='word_1_294' title='bbox 1650 3838 1852 3902; x_wconf 84' lang='lat' dir='ltr'>agaso.</span> 
     </span>
    </p>
   </div>
  </div>
 </body>
</html>
