2675 4409
401 272 530 337 218
1213 286 1661 335 msromtm

398 441 748 522 Aerumnis,
775 441 970 507 lassus
999 439 1144 503 dum
1169 446 1356 504 noctu
1384 441 1607 521 stertit,
1637 440 1717 505 ad
1746 461 1941 507 assem

401 527 764 591 Perdiderat
788 548 809 604 ;
853 533 990 611 post
1015 527 1130 590 hoc
1159 526 1483 591 vehemens
1511 528 1691 611 lupus
1719 533 1785 591 et
1810 528 1924 593 sibi
1952 532 2017 593 et
2041 526 2198 595 hosti

400 614 604 681 Iratus
745 613 759 626 ⁰
788 696 796 706 ἡ
827 612 1131 719 &je'unis
1149 611 1439 713 .‘}e¹²!²ib¹.²⁸
1466 634 1631 712 acer3

401 620 1183 781 Praesj'ffl'fflegassloco·
1199 696 1441 781 deJec1t,
1470 705 1541 761 ut
1568 703 1761 778 amnt,

406 784 650 849 Summe
678 783 905 847 munito
936 788 1000 845 et
1024 784 1350 845 multarum
1378 784 1563 847 divite
1590 806 1816 848 rerum.

305 924 310 931 .
405 870 618 934 Clarus
646 870 723 933 ob
741 868 813 933 id
827 868 1072 935 factum
1121 867 1292 931 donis
1321 876 1571 933 ornatur
1595 869 1886 949 honestis,

403 955 649 1038 Accipit
677 961 742 1018 et
767 954 860 1017 bis
890 952 1048 1017 dena
1073 974 1256 1037 super
1283 955 1561 1019 sestertia
1587 976 1915 1019 nummum.

403 1042 585 1104 Forte
616 1041 727 1103 sub
753 1039 868 1106 hoc
897 1045 1134 1123 tempus
1161 1041 1475 1103 castellum
1504 1048 1777 1105 evertere
1806 1045 2051 1123 praetor

403 1126 630 1189 Nescio
658 1123 822 1210 quod
849 1125 1118 1208 cupiens,
1147 1124 1375 1188 hortari
1404 1126 1602 1219 coepit
1631 1125 1891 1189 eundem

403 1211 626 1277 Verbis
679 1230 835 1295 quae
863 1209 1070 1274 timido
1098 1230 1336 1295 quoque
1365 1209 1609 1295 possent
1635 1210 1861 1275 addere
1889 1215 2193 1277 mentem:

401 1300 445 1334 ‘⁶
466 1294 530 1376 1,
550 1296 731 1374 bone,
762 1315 882 1379 quo
910 1294 1104 1359 virtus
1135 1302 1243 1360 tua
1270 1300 1333 1359 te
1364 1303 1564 1375 vocat,
1590 1296 1611 1361 i
1641 1296 1797 1382 pede
1826 1296 2050 1377 fausto,
2142 1303 2205 1337 Ἀ
2255 1307 2264 1318 ’
2322 1304 2327 1312 ’

2414 1146 2487 1196 35

407 1380 678 1445 Grandia
705 1381 938 1444 laturus
966 1380 1314 1444 meritorum
1340 1381 1630 1465 praemia.
1718 1380 1880 1455 Quid
1908 1388 2034 1445 stas
2058 1380 2136 1445 2⁹⁹
2262 1342 2399 1433 ,ἠὼ
2464 1382 2487 1399 ⁴

403 1467 553 1530 Post
580 1467 732 1530 haec
760 1467 861 1529 ille
892 1472 1086 1544 catus,
1115 1467 1499 1549 quantumvis
1527 1466 1830 1537 rusticus:
1874 1472 1915 1506 “
1937 1467 2087 1550 Ibit,

404 1552 530 1615 Ibit
558 1574 630 1616 eo
675 1573 794 1635 quo
821 1551 912 1615 vis
966 1552 1072 1634 qui
1097 1572 1307 1613 zonam
1333 1550 1664 1643 perdidit,''
1695 1550 1915 1635 inquit.

405 1638 636 1701 Romae
665 1636 882 1700 nutriri
909 1635 1054 1699 mihi
1079 1632 1334 1717 contigit
1360 1627 1544 1720 atq'ue
1574 1635 1776 1699 doceri

407 1723 614 1787 Iratus
643 1722 844 1787 Graiis
873 1727 1163 1805 quantum
1190 1721 1491 1785 nocuisset
1516 1720 1811 1785 Achilles.

365 1856 373 1863 .
405 1808 709 1892 Adjecere
738 1808 927 1871 bonae
957 1806 1156 1891 paullo
1185 1806 1320 1891 plus
1350 1808 1497 1872 artis
1525 1807 1832 1888 Athenae,

409 1893 658 1958 Scilicet
683 1901 755 1958 ut
787 1895 1006 1959 vellem
1041 1913 1226 1956 curvo
1256 1892 1609 1975 dignoscere
1638 1900 1897 1973 rectum,

403 1979 614 2063 Atque
643 1980 805 2064 inter
830 1977 1016 2069 silvas
1039 1977 1337 2055 Academi
1368 2000 1659 2063 quaerere
1688 2000 1919 2044 verum.

403 2063 574 2128 Dura
604 2056 1174 2128 sed¹ein¹oirere⁶loco
1200 2085 1296 2127 me
1327 2071 1599 2149 tempora
1626 2072 1823 2149 grato,

408 2149 730 2235 civilisque
761 2147 973 2213 rudem
1001 2149 1143 2213 belli
1169 2150 1310 2213 tulit
1337 2159 1543 2242 aestus
1568 2150 1631 2214 in
1662 2172 1845 2216 arma,
1902 2164 1911 2174 ·

407 2234 682 2300 Caesaris
709 2236 978 2319 Augusti
1004 2256 1125 2298 non
1154 2256 1515 2320 responsura
1540 2238 1803 2301 lacertis.
1971 2306 1999 2330 ν

404 2320 590 2385 Unde
620 2322 796 2386 simul
823 2322 1078 2404 primum
1103 2342 1200 2383 me
1233 2322 1515 2387 dimisere
1545 2319 1949 2421 Philippizuffi

404 2406 468 2470 D
539 2408 640 2471 isis
668 2408 952 2470 humilem
980 2407 1193 2490 pennis
1219 2407 1579 2491 inopemque
1605 2416 1844 2492 paterni
2174 2481 2191 2497 ,
2214 2448 2323 2521 «ἡ,
2343 2425 2477 2509 ⁴⁴3⁰

403 2490 462 2556 E
516 2494 659 2557 laris
690 2475 1308 2575 effundifflanpertas
1335 2494 1573 2577 impulit
1601 2493 1823 2571 audam,
2074 2534 2121 2571 s

403 2578 495 2643 Ut
523 2589 732 2648 versus
759 2579 1068 2654 facerem.;
1112 2577 1222 2641 sed
1274 2578 1437 2662 quod
1464 2600 1582 2642 non
1612 2577 1769 2643 desit
1816 2576 2141 2646 habentem
2208 2648 2215 2655 ,

405 2663 580 2737 Quae
606 2671 889 2750 poterunt
911 2682 1180 2748 unquam
1207 2665 1353 2727 satis
1382 2685 1721 2749 expurgare
1752 2664 2011 2743 cicutae,

405 2751 491 2813 Ni
519 2752 730 2815 melius
759 2750 1016 2815 dormire
1045 2754 1250 2832 putem
1283 2771 1465 2834 quam
1491 2750 1755 2815 scribere
1785 2746 2049 2815 versus?
2149 2826 2159 2834 q
2198 2786 2225 2838 :⁶
2270 2764 2353 2853 Ὀ)

407 2835 659 2920 Singula
686 2837 764 2900 de
793 2836 963 2901 nobis
992 2834 1132 2899 anni
1163 2836 1533 2917 praedantur
1561 2843 1774 2901 euntes
1799 2858 1816 2900 ε
1841 2846 1897 2883 ¹³*
1936 2851 1948 2859 “
2098 2854 2103 2861 ·
2150 2854 2159 2860 ·
2208 2832 2223 2853 ²
2246 2837 2259 2845 '

404 2922 699 3006 Eripuere
719 2923 911 3006 jeeos‚
939 2940 1247 2997 venerem,
1280 2922 1572 3000 convivia,
1601 2922 1853 2997 ludum3
1950 3001 1955 3003 .

404 3007 688 3071 Tendunt
715 3014 1074 3090 extorquere
1104 3006 1429 3088 poiimataz
1476 3007 1623 3091 quid
1650 3008 1866 3072 faciam
1902 3004 1993 3071 vis
2018 3002 2103 3089 2„

402 3092 683 3192 Denique
711 3114 831 3155 non
855 3112 1059 3156 omnes
1089 3090 1301 3153 eadem
1329 3092 1627 3156 mirantur
1656 3099 2021 3177 amantque:

406 3177 684 3241 Carmme
714 3184 784 3241 tu
805 3176 1064 3262 gaudee,
1093 3175 1192 3238 hic
1221 3175 1560 3241 delectatur
1587 3178 1821 3259 iambiS,

403 3262 516 3326 Ille
550 3248 792 3326 Biosteis
821 3262 1190 3325 sermonibus
1219 3268 1283 3325 et
1309 3264 1436 3327 sale
1465 3264 1659 3347 nigro.
2056 3337 2074 3356 ἣ
2119 3324 2132 3350 2

401 3349 552 3412 Tres
581 3350 724 3412 mihi
754 3348 1040 3412 convivae
1069 3368 1254 3431 prope
1285 3348 1603 3413 dissentire
1634 3348 1936 3430 videntur,
1961 3369 2035 3409 aa
2054 3358 2097 3385 ν’

401 3434 730 3499 Poscentes
758 3432 923 3499 vario
951 3434 1204 3496 multum
1237 3433 1477 3511 diversa
1502 3436 1725 3521 palato.
2266 3459 2272 3465 ·

403 3519 564 3595 Quid
593 3521 731 3585 dem
755 3519 783 3584 ’ἒ
829 3519 974 3605 quid
1000 3540 1119 3584 non
1147 3518 1341 3582 dem?
1382 3520 1588 3584 renuis
1632 3526 1705 3585 tu
1736 3518 1899 3603 quod
1916 3519 2097 3603 jubet
2125 3520 2279 3587 alter
2302 3539 2321 3599 ;

403 3605 579 3679 Quod
609 3607 763 3691 petis
813 3607 876 3669 id
905 3624 1052 3670 sane
1082 3609 1177 3669 est
1203 3604 1461 3669 invisum
1490 3606 1849 3689 acidumque
1878 3604 2133 3675 duobus.

401 3691 659 3756 Praeter
688 3695 960 3769 caetera,
989 3712 1086 3753 me
1119 3691 1429 3754 Romaene
1460 3695 1743 3775 poemata
1772 3710 1987 3755 censes

405 3775 683 3843 Scribere
712 3798 885 3863 posse
917 3777 1078 3841 inter
1105 3782 1196 3841 tot
1226 3797 1403 3843 curas
1432 3785 1640 3863 totque
1668 3774 1956 3841 labores?
