<?xml version="1.0" encoding="UTF-8"?>
<!DOCTYPE html PUBLIC "-//W3C//DTD XHTML 1.0 Transitional//EN"
    "http://www.w3.org/TR/xhtml1/DTD/xhtml1-transitional.dtd">
<html xmlns="http://www.w3.org/1999/xhtml" xml:lang="en" lang="en">
 <head>
  <title>
</title>
<meta http-equiv="Content-Type" content="text/html;charset=utf-8" />
  <meta name='ocr-system' content='tesseract 3.04.00' />
  <meta name='ocr-capabilities' content='ocr_page ocr_carea ocr_par ocr_line ocrx_word'/>
</head>
<body>
  <div class='ocr_page' id='page_1' title='image "./workshorace01chasgoog_0128.png"; bbox 0 0 2675 4409; ppageno 0'>
   <div class='ocr_carea' id='block_1_1' title="bbox 1099 275 1429 325">
    <p class='ocr_par' dir='ltr' id='par_1_1' title="bbox 1099 275 1429 325">
     <span class='ocr_line' id='line_1_1' title="bbox 1099 275 1429 325; baseline 0.009 -3"><span class='ocrx_word' id='word_1_1' title='bbox 1099 275 1289 324; x_wconf 78' lang='lat' dir='ltr'><strong>cARM.</strong></span> <span class='ocrx_word' id='word_1_2' title='bbox 1335 277 1429 325; x_wconf 80' lang='lat' dir='ltr'><strong>IX·</strong></span> 
     </span>
    </p>
   </div>
   <div class='ocr_carea' id='block_1_2' title="bbox 568 429 2009 1608">
    <p class='ocr_par' dir='ltr' id='par_1_2' title="bbox 577 429 2009 601">
     <span class='ocr_line' id='line_1_2' title="bbox 577 429 2009 517; baseline -0.001 -20"><span class='ocrx_word' id='word_1_3' title='bbox 577 429 701 497; x_wconf 85' lang='lat' dir='ltr'><strong>Sed</strong></span> <span class='ocrx_word' id='word_1_4' title='bbox 728 431 944 494; x_wconf 86' lang='lat' dir='ltr'><strong>incitat</strong></span> <span class='ocrx_word' id='word_1_5' title='bbox 969 452 1066 494; x_wconf 93' lang='lat' dir='ltr'><strong>me</strong></span> <span class='ocrx_word' id='word_1_6' title='bbox 1096 437 1308 515; x_wconf 71' lang='lat' dir='ltr'><strong>pectus</strong></span> <span class='ocrx_word' id='word_1_7' title='bbox 1362 438 1427 496; x_wconf 89' lang='lat' dir='ltr'><strong>et</strong></span> <span class='ocrx_word' id='word_1_8' title='bbox 1452 452 1746 496; x_wconf 79' lang='lat' dir='ltr'><strong>mammae</strong></span> <span class='ocrx_word' id='word_1_9' title='bbox 1776 437 2009 517; x_wconf 71' lang='lat' dir='ltr'><strong>putres,</strong></span> 
     </span>
     <span class='ocr_line' id='line_1_3' title="bbox 657 517 1375 601; baseline 0.003 -21"><span class='ocrx_word' id='word_1_10' title='bbox 657 517 898 601; x_wconf 86' lang='lat' dir='ltr'><strong>Equina</strong></span> <span class='ocrx_word' id='word_1_11' title='bbox 927 519 1134 601; x_wconf 89' lang='lat' dir='ltr'><strong>quales</strong></span> <span class='ocrx_word' id='word_1_12' title='bbox 1163 519 1375 597; x_wconf 89' lang='lat' dir='ltr'><strong>ubera,</strong></span> 
     </span>
    </p>

    <p class='ocr_par' dir='ltr' id='par_1_3' title="bbox 573 601 1887 752">
     <span class='ocr_line' id='line_1_4' title="bbox 573 601 1887 687; baseline 0 -19"><span class='ocrx_word' id='word_1_13' title='bbox 573 601 928 687; x_wconf 86' lang='lat' dir='ltr'><strong>Venterque</strong></span> <span class='ocrx_word' id='word_1_14' title='bbox 957 604 1148 666; x_wconf 89' lang='lat' dir='ltr'><strong>mollis</strong></span> <span class='ocrx_word' id='word_1_15' title='bbox 1203 611 1266 666; x_wconf 84' lang='lat' dir='ltr'><strong>et</strong></span> <span class='ocrx_word' id='word_1_16' title='bbox 1295 604 1493 667; x_wconf 88' lang='lat' dir='ltr'><strong>femur</strong></span> <span class='ocrx_word' id='word_1_17' title='bbox 1522 603 1887 668; x_wconf 79' lang='lat' dir='ltr'><strong>tumentibus</strong></span> 
     </span>
     <span class='ocr_line' id='line_1_5' title="bbox 657 689 1337 752; baseline -0.003 0"><span class='ocrx_word' id='word_1_18' title='bbox 657 690 831 752; x_wconf 87' lang='lat' dir='ltr'><strong>Exile</strong></span> <span class='ocrx_word' id='word_1_19' title='bbox 866 689 1020 752; x_wconf 90' lang='lat' dir='ltr'><strong>suris</strong></span> <span class='ocrx_word' id='word_1_20' title='bbox 1051 689 1337 752; x_wconf 87' lang='lat' dir='ltr'><strong>additum.</strong></span> 
     </span>
    </p>

    <p class='ocr_par' dir='ltr' id='par_1_4' title="bbox 568 773 1695 942">
     <span class='ocr_line' id='line_1_6' title="bbox 568 773 1695 858; baseline 0.001 -20"><span class='ocrx_word' id='word_1_21' title='bbox 568 773 718 838; x_wconf 85' lang='lat' dir='ltr'><strong>Esto</strong></span> <span class='ocrx_word' id='word_1_22' title='bbox 746 775 949 853; x_wconf 88' lang='lat' dir='ltr'><strong>beata,</strong></span> <span class='ocrx_word' id='word_1_23' title='bbox 977 775 1158 837; x_wconf 87' lang='lat' dir='ltr'><strong>funus</strong></span> <span class='ocrx_word' id='word_1_24' title='bbox 1190 782 1372 858; x_wconf 81' lang='lat' dir='ltr'><strong>atque</strong></span> <span class='ocrx_word' id='word_1_25' title='bbox 1403 775 1695 857; x_wconf 80' lang='lat' dir='ltr'><strong>imagines</strong></span> 
     </span>
     <span class='ocr_line' id='line_1_7' title="bbox 659 860 1548 942; baseline -0.002 -19"><span class='ocrx_word' id='word_1_26' title='bbox 659 860 906 923; x_wconf 78' lang='lat' dir='ltr'><strong>Ducant</strong></span> <span class='ocrx_word' id='word_1_27' title='bbox 935 860 1324 942; x_wconf 84' lang='lat' dir='ltr'><strong>triumphales</strong></span> <span class='ocrx_word' id='word_1_28' title='bbox 1355 868 1548 937; x_wconf 90' lang='lat' dir='ltr'><strong>tuum,</strong></span> 
     </span>
    </p>

    <p class='ocr_par' dir='ltr' id='par_1_5' title="bbox 573 945 1753 1095">
     <span class='ocr_line' id='line_1_8' title="bbox 573 945 1753 1029; baseline -0.001 -20"><span class='ocrx_word' id='word_1_29' title='bbox 573 945 637 1009; x_wconf 85' lang='lat' dir='ltr'>N</span> <span class='ocrx_word' id='word_1_30' title='bbox 638 967 708 1009; x_wconf 91' lang='lat' dir='ltr'><strong>ec</strong></span> <span class='ocrx_word' id='word_1_31' title='bbox 740 946 819 1008; x_wconf 90' lang='lat' dir='ltr'><strong>sit</strong></span> <span class='ocrx_word' id='word_1_32' title='bbox 847 946 1085 1024; x_wconf 88' lang='lat' dir='ltr'><strong>marita,</strong></span> <span class='ocrx_word' id='word_1_33' title='bbox 1118 967 1274 1029; x_wconf 89' lang='lat' dir='ltr'><strong>quae</strong></span> <span class='ocrx_word' id='word_1_34' title='bbox 1306 945 1753 1008; x_wconf 86' lang='lat' dir='ltr'><strong>rotundioribus</strong></span> 
     </span>
     <span class='ocr_line' id='line_1_9' title="bbox 656 1030 1438 1095; baseline -0.004 0"><span class='ocrx_word' id='word_1_35' title='bbox 656 1030 893 1095; x_wconf 83' lang='lat' dir='ltr'><strong>Onusta</strong></span> <span class='ocrx_word' id='word_1_36' title='bbox 920 1033 1122 1095; x_wconf 85' lang='lat' dir='ltr'><strong>baccis</strong></span> <span class='ocrx_word' id='word_1_37' title='bbox 1153 1032 1438 1094; x_wconf 88' lang='lat' dir='ltr'><strong>ambulet.</strong></span> 
     </span>
    </p>

    <p class='ocr_par' dir='ltr' id='par_1_6' title="bbox 573 1115 1819 1287">
     <span class='ocr_line' id='line_1_10' title="bbox 573 1115 1819 1201; baseline 0 -21"><span class='ocrx_word' id='word_1_38' title='bbox 573 1117 755 1197; x_wconf 87' lang='lat' dir='ltr'><strong>Quid,</strong></span> <span class='ocrx_word' id='word_1_39' title='bbox 784 1117 944 1201; x_wconf 89' lang='lat' dir='ltr'><strong>quod</strong></span> <span class='ocrx_word' id='word_1_40' title='bbox 972 1118 1156 1180; x_wconf 89' lang='lat' dir='ltr'><strong>libelli</strong></span> <span class='ocrx_word' id='word_1_41' title='bbox 1191 1115 1377 1180; x_wconf 82' lang='lat' dir='ltr'><strong>Stoici</strong></span> <span class='ocrx_word' id='word_1_42' title='bbox 1406 1117 1567 1180; x_wconf 82' lang='lat' dir='ltr'><strong>inter</strong></span> <span class='ocrx_word' id='word_1_43' title='bbox 1594 1115 1819 1180; x_wconf 87' lang='lat' dir='ltr'><strong>sericos</strong></span> 
     </span>
     <span class='ocr_line' id='line_1_11' title="bbox 651 1203 1455 1287; baseline -0.002 -21"><span class='ocrx_word' id='word_1_44' title='bbox 651 1203 696 1266; x_wconf 86' lang='lat' dir='ltr'><strong>J</strong></span> <span class='ocrx_word' id='word_1_45' title='bbox 699 1224 873 1265; x_wconf 89' lang='lat' dir='ltr'><strong>acere</strong></span> <span class='ocrx_word' id='word_1_46' title='bbox 906 1203 1177 1287; x_wconf 88' lang='lat' dir='ltr'><strong>pulvillos</strong></span> <span class='ocrx_word' id='word_1_47' title='bbox 1209 1209 1455 1265; x_wconf 82' lang='lat' dir='ltr'><strong>amant:</strong></span> 
     </span>
    </p>

    <p class='ocr_par' dir='ltr' id='par_1_7' title="bbox 568 1287 1703 1455">
     <span class='ocr_line' id='line_1_12' title="bbox 568 1287 1703 1370; baseline -0.003 -19"><span class='ocrx_word' id='word_1_48' title='bbox 568 1287 848 1352; x_wconf 86' lang='lat' dir='ltr'><strong>Illiterati</strong></span> <span class='ocrx_word' id='word_1_49' title='bbox 877 1311 1021 1351; x_wconf 89' lang='lat' dir='ltr'><strong>num</strong></span> <span class='ocrx_word' id='word_1_50' title='bbox 1050 1289 1242 1350; x_wconf 89' lang='lat' dir='ltr'><strong>minus</strong></span> <span class='ocrx_word' id='word_1_51' title='bbox 1272 1287 1444 1350; x_wconf 87' lang='lat' dir='ltr'><strong>nervi</strong></span> <span class='ocrx_word' id='word_1_52' title='bbox 1475 1287 1703 1370; x_wconf 84' lang='lat' dir='ltr'><strong>rigent,</strong></span> 
     </span>
     <span class='ocr_line' id='line_1_13' title="bbox 650 1371 1579 1455; baseline -0.001 -19"><span class='ocrx_word' id='word_1_53' title='bbox 650 1373 930 1437; x_wconf 84' lang='lat' dir='ltr'><strong>Minusve</strong></span> <span class='ocrx_word' id='word_1_54' title='bbox 958 1376 1210 1455; x_wconf 85' lang='lat' dir='ltr'><strong>languet</strong></span> <span class='ocrx_word' id='word_1_55' title='bbox 1233 1371 1579 1435; x_wconf 82' lang='lat' dir='ltr'><strong>fascinum?</strong></span> 
     </span>
    </p>

    <p class='ocr_par' dir='ltr' id='par_1_8' title="bbox 572 1456 1854 1608">
     <span class='ocr_line' id='line_1_14' title="bbox 572 1456 1854 1542; baseline -0.002 -21"><span class='ocrx_word' id='word_1_56' title='bbox 572 1458 747 1533; x_wconf 86' lang='lat' dir='ltr'><strong>Quod</strong></span> <span class='ocrx_word' id='word_1_57' title='bbox 777 1467 847 1522; x_wconf 85' lang='lat' dir='ltr'><strong>ut</strong></span> <span class='ocrx_word' id='word_1_58' title='bbox 875 1460 1130 1542; x_wconf 87' lang='lat' dir='ltr'><strong>superbo</strong></span> <span class='ocrx_word' id='word_1_59' title='bbox 1161 1479 1449 1541; x_wconf 86' lang='lat' dir='ltr'><strong>provoces</strong></span> <span class='ocrx_word' id='word_1_60' title='bbox 1479 1458 1555 1519; x_wconf 90' lang='lat' dir='ltr'><strong>ab</strong></span> <span class='ocrx_word' id='word_1_61' title='bbox 1584 1456 1854 1541; x_wconf 87' lang='lat' dir='ltr'><strong>inguine,</strong></span> 
     </span>
     <span class='ocr_line' id='line_1_15' title="bbox 653 1542 1541 1608; baseline -0.003 0"><span class='ocrx_word' id='word_1_62' title='bbox 653 1543 777 1608; x_wconf 90' lang='lat' dir='ltr'><strong>Ore</strong></span> <span class='ocrx_word' id='word_1_63' title='bbox 811 1544 1259 1608; x_wconf 88' lang='lat' dir='ltr'><strong>allaborandum</strong></span> <span class='ocrx_word' id='word_1_64' title='bbox 1289 1550 1383 1606; x_wconf 85' lang='lat' dir='ltr'><strong>est</strong></span> <span class='ocrx_word' id='word_1_65' title='bbox 1414 1542 1541 1605; x_wconf 90' lang='lat' dir='ltr'><strong>tibi.</strong></span> 
     </span>
    </p>
   </div>
   <div class='ocr_carea' id='block_1_3' title="bbox 929 1965 1739 2034">
    <p class='ocr_par' dir='ltr' id='par_1_9' title="bbox 929 1965 1739 2034">
     <span class='ocr_line' id='line_1_16' title="bbox 929 1965 1739 2034; baseline -0.004 0"><span class='ocrx_word' id='word_1_66' title='bbox 929 1965 1387 2034; x_wconf 81' lang='lat' dir='ltr'>GARMEN</span> <span class='ocrx_word' id='word_1_67' title='bbox 1439 1967 1599 2031; x_wconf 88' lang='lat' dir='ltr'><strong>IX.</strong></span> <span class='ocrx_word' id='word_1_68' title='bbox 1640 1978 1643 1982; x_wconf 77' lang='grc'><em>’</em></span> <span class='ocrx_word' id='word_1_69' title='bbox 1734 1985 1739 1996; x_wconf 89' lang='lat'>·</span> 
     </span>
    </p>
   </div>
   <div class='ocr_carea' id='block_1_4' title="bbox 478 2307 1998 3766">
    <p class='ocr_par' dir='ltr' id='par_1_10' title="bbox 481 2307 1998 2462">
     <span class='ocr_line' id='line_1_17' title="bbox 481 2307 1998 2395; baseline 0 -20"><span class='ocrx_word' id='word_1_70' title='bbox 481 2311 756 2388; x_wconf 77' lang='lat' dir='ltr'><strong>QUANDO</strong></span> <span class='ocrx_word' id='word_1_71' title='bbox 787 2316 1088 2394; x_wconf 89' lang='lat' dir='ltr'><strong>repostum</strong></span> <span class='ocrx_word' id='word_1_72' title='bbox 1121 2307 1466 2373; x_wconf 85' lang='lat' dir='ltr'><strong>Caecubum</strong></span> <span class='ocrx_word' id='word_1_73' title='bbox 1489 2310 1567 2375; x_wconf 89' lang='lat' dir='ltr'><strong>ad</strong></span> <span class='ocrx_word' id='word_1_74' title='bbox 1595 2310 1782 2374; x_wconf 86' lang='lat' dir='ltr'><strong>festas</strong></span> <span class='ocrx_word' id='word_1_75' title='bbox 1811 2308 1998 2395; x_wconf 80' lang='lat' dir='ltr'><strong>dapes</strong></span> 
     </span>
     <span class='ocr_line' id='line_1_18' title="bbox 565 2393 1332 2462; baseline -0.004 -1"><span class='ocrx_word' id='word_1_76' title='bbox 565 2397 816 2462; x_wconf 87' lang='lat' dir='ltr'><strong>Victore</strong></span> <span class='ocrx_word' id='word_1_77' title='bbox 847 2398 1040 2460; x_wconf 90' lang='lat' dir='ltr'><strong>laetus</strong></span> <span class='ocrx_word' id='word_1_78' title='bbox 1072 2393 1332 2459; x_wconf 85' lang='lat' dir='ltr'><strong>Caesare</strong></span> 
     </span>
    </p>

    <p class='ocr_par' dir='ltr' id='par_1_11' title="bbox 482 2480 1987 2646">
     <span class='ocr_line' id='line_1_19' title="bbox 482 2480 1987 2565; baseline -0.004 -16"><span class='ocrx_word' id='word_1_79' title='bbox 482 2483 709 2550; x_wconf 78' lang='lat' dir='ltr'><strong>Tecum</strong></span> <span class='ocrx_word' id='word_1_80' title='bbox 739 2482 848 2546; x_wconf 87' lang='lat' dir='ltr'><strong>sub</strong></span> <span class='ocrx_word' id='word_1_81' title='bbox 880 2484 1104 2545; x_wconf 80' lang='lat' dir='ltr'><strong>alta—</strong></span> <span class='ocrx_word' id='word_1_82' title='bbox 1122 2481 1208 2544; x_wconf 90' lang='lat' dir='ltr'><strong>sic</strong></span> <span class='ocrx_word' id='word_1_83' title='bbox 1238 2480 1280 2543; x_wconf 80' lang='lat' dir='ltr'><strong>J</strong></span> <span class='ocrx_word' id='word_1_84' title='bbox 1285 2480 1383 2544; x_wconf 91' lang='lat' dir='ltr'><strong>ovi</strong></span> <span class='ocrx_word' id='word_1_85' title='bbox 1413 2487 1656 2565; x_wconf 88' lang='lat' dir='ltr'><strong>gratum</strong></span> <span class='ocrx_word' id='word_1_86' title='bbox 1678 2519 1768 2532; x_wconf 92' lang='lat'><strong>—-</strong></span> <span class='ocrx_word' id='word_1_87' title='bbox 1787 2483 1987 2559; x_wconf 92' lang='lat' dir='ltr'><strong>domo,</strong></span> 
     </span>
     <span class='ocr_line' id='line_1_20' title="bbox 563 2567 1366 2646; baseline -0.002 -14"><span class='ocrx_word' id='word_1_88' title='bbox 563 2569 757 2632; x_wconf 88' lang='lat' dir='ltr'><strong>Beate</strong></span> <span class='ocrx_word' id='word_1_89' title='bbox 787 2567 1138 2646; x_wconf 85' lang='lat' dir='ltr'><strong>Maecenas,</strong></span> <span class='ocrx_word' id='word_1_90' title='bbox 1166 2567 1366 2630; x_wconf 88' lang='lat' dir='ltr'><strong>bibam</strong></span> 
     </span>
    </p>

    <p class='ocr_par' dir='ltr' id='par_1_12' title="bbox 483 2653 1657 2817">
     <span class='ocr_line' id='line_1_21' title="bbox 483 2653 1657 2736; baseline -0.003 -16"><span class='ocrx_word' id='word_1_91' title='bbox 483 2654 746 2720; x_wconf 88' lang='lat' dir='ltr'><strong>Sonante</strong></span> <span class='ocrx_word' id='word_1_92' title='bbox 763 2653 1012 2716; x_wconf 86' lang='lat' dir='ltr'><strong>mixtum</strong></span> <span class='ocrx_word' id='word_1_93' title='bbox 1044 2654 1200 2716; x_wconf 87' lang='lat' dir='ltr'><strong>tibiis</strong></span> <span class='ocrx_word' id='word_1_94' title='bbox 1228 2675 1472 2717; x_wconf 88' lang='lat' dir='ltr'><strong>carmen</strong></span> <span class='ocrx_word' id='word_1_95' title='bbox 1498 2654 1657 2736; x_wconf 89' lang='lat' dir='ltr'><strong>lyra,</strong></span> 
     </span>
     <span class='ocr_line' id='line_1_22' title="bbox 561 2739 1551 2817; baseline -0.004 -13"><span class='ocrx_word' id='word_1_96' title='bbox 561 2741 700 2804; x_wconf 88' lang='lat' dir='ltr'><strong>Hac</strong></span> <span class='ocrx_word' id='word_1_97' title='bbox 733 2739 1005 2817; x_wconf 86' lang='lat' dir='ltr'><strong>Dorium,</strong></span> <span class='ocrx_word' id='word_1_98' title='bbox 1034 2739 1148 2802; x_wconf 89' lang='lat' dir='ltr'><strong>illis</strong></span> <span class='ocrx_word' id='word_1_99' title='bbox 1177 2739 1499 2802; x_wconf 86' lang='lat' dir='ltr'><strong>barbarum</strong></span> <span class='ocrx_word' id='word_1_100' title='bbox 1526 2739 1551 2800; x_wconf 75' lang='grc' dir='ltr'><strong>’ἓ</strong></span> 
     </span>
    </p>

    <p class='ocr_par' dir='ltr' id='par_1_13' title="bbox 479 2823 1789 2992">
     <span class='ocr_line' id='line_1_23' title="bbox 479 2823 1789 2909; baseline -0.002 -18"><span class='ocrx_word' id='word_1_101' title='bbox 479 2826 573 2891; x_wconf 90' lang='lat' dir='ltr'><strong>Ut</strong></span> <span class='ocrx_word' id='word_1_102' title='bbox 599 2847 814 2909; x_wconf 87' lang='lat' dir='ltr'><strong>nuper,</strong></span> <span class='ocrx_word' id='word_1_103' title='bbox 845 2833 1016 2889; x_wconf 89' lang='lat' dir='ltr'><strong>actus</strong></span> <span class='ocrx_word' id='word_1_104' title='bbox 1069 2845 1205 2888; x_wconf 91' lang='lat' dir='ltr'><strong>cum</strong></span> <span class='ocrx_word' id='word_1_105' title='bbox 1259 2825 1414 2888; x_wconf 87' lang='lat' dir='ltr'><strong>freto</strong></span> <span class='ocrx_word' id='word_1_106' title='bbox 1444 2823 1789 2909; x_wconf 87' lang='lat' dir='ltr'><strong>Neptunius</strong></span> 
     </span>
     <span class='ocr_line' id='line_1_24' title="bbox 563 2911 1393 2992; baseline -0.001 -18"><span class='ocrx_word' id='word_1_107' title='bbox 563 2912 706 2975; x_wconf 88' lang='lat' dir='ltr'><strong>Dux</strong></span> <span class='ocrx_word' id='word_1_108' title='bbox 736 2911 892 2992; x_wconf 82' lang='lat' dir='ltr'><strong>fugit</strong></span> <span class='ocrx_word' id='word_1_109' title='bbox 943 2911 1090 2973; x_wconf 89' lang='lat' dir='ltr'><strong>ustis</strong></span> <span class='ocrx_word' id='word_1_110' title='bbox 1120 2911 1393 2990; x_wconf 80' lang='lat' dir='ltr'><strong>navibuS,</strong></span> 
     </span>
    </p>

    <p class='ocr_par' dir='ltr' id='par_1_14' title="bbox 480 2994 1745 3165">
     <span class='ocr_line' id='line_1_25' title="bbox 480 2994 1745 3078; baseline -0.001 -17"><span class='ocrx_word' id='word_1_111' title='bbox 480 2997 750 3062; x_wconf 86' lang='lat' dir='ltr'><strong>Minatus</strong></span> <span class='ocrx_word' id='word_1_112' title='bbox 779 2994 935 3059; x_wconf 90' lang='lat' dir='ltr'><strong>Urbi</strong></span> <span class='ocrx_word' id='word_1_113' title='bbox 965 2997 1182 3074; x_wconf 89' lang='lat' dir='ltr'><strong>vincla,</strong></span> <span class='ocrx_word' id='word_1_114' title='bbox 1213 3017 1368 3078; x_wconf 89' lang='lat' dir='ltr'><strong>quae</strong></span> <span class='ocrx_word' id='word_1_115' title='bbox 1400 2997 1745 3060; x_wconf 84' lang='lat' dir='ltr'><strong>detraxerat</strong></span> 
     </span>
     <span class='ocr_line' id='line_1_26' title="bbox 573 3082 1324 3165; baseline -0.004 -19"><span class='ocrx_word' id='word_1_116' title='bbox 573 3082 776 3147; x_wconf 87' lang='lat' dir='ltr'><strong>Servis</strong></span> <span class='ocrx_word' id='word_1_117' title='bbox 806 3082 1029 3145; x_wconf 83' lang='lat' dir='ltr'><strong>amicus</strong></span> <span class='ocrx_word' id='word_1_118' title='bbox 1060 3083 1324 3165; x_wconf 87' lang='lat' dir='ltr'><strong>perfidis.</strong></span> 
     </span>
    </p>

    <p class='ocr_par' dir='ltr' id='par_1_15' title="bbox 479 3167 1803 3338">
     <span class='ocr_line' id='line_1_27' title="bbox 479 3167 1803 3252; baseline -0.002 -19"><span class='ocrx_word' id='word_1_119' title='bbox 479 3169 810 3245; x_wconf 82' lang='lat' dir='ltr'><strong>RomanuS,</strong></span> <span class='ocrx_word' id='word_1_120' title='bbox 828 3204 910 3216; x_wconf 94' lang='lat'>—</span> <span class='ocrx_word' id='word_1_121' title='bbox 932 3168 1112 3246; x_wconf 88' lang='lat' dir='ltr'><strong>eheu,</strong></span> <span class='ocrx_word' id='word_1_122' title='bbox 1143 3169 1367 3252; x_wconf 86' lang='lat' dir='ltr'><strong>posteri</strong></span> <span class='ocrx_word' id='word_1_123' title='bbox 1397 3167 1695 3252; x_wconf 86' lang='lat' dir='ltr'><strong>negabitis</strong></span> <span class='ocrx_word' id='word_1_124' title='bbox 1714 3203 1803 3230; x_wconf 84' lang='lat'><strong>-.-</strong></span> 
     </span>
     <span class='ocr_line' id='line_1_28' title="bbox 552 3254 1264 3338; baseline 0 -22"><span class='ocrx_word' id='word_1_125' title='bbox 552 3255 978 3338; x_wconf 85' lang='lat' dir='ltr'><strong>Emancipatus</strong></span> <span class='ocrx_word' id='word_1_126' title='bbox 1008 3254 1264 3316; x_wconf 86' lang='lat' dir='ltr'><strong>feminae</strong></span> 
     </span>
    </p>

    <p class='ocr_par' dir='ltr' id='par_1_16' title="bbox 478 3339 1873 3509">
     <span class='ocr_line' id='line_1_29' title="bbox 478 3339 1873 3424; baseline 0.001 -21"><span class='ocrx_word' id='word_1_127' title='bbox 478 3339 628 3404; x_wconf 86' lang='lat' dir='ltr'><strong>Fert</strong></span> <span class='ocrx_word' id='word_1_128' title='bbox 659 3341 878 3402; x_wconf 88' lang='lat' dir='ltr'><strong>vallum</strong></span> <span class='ocrx_word' id='word_1_129' title='bbox 909 3345 971 3402; x_wconf 90' lang='lat' dir='ltr'><strong>et</strong></span> <span class='ocrx_word' id='word_1_130' title='bbox 1002 3361 1167 3402; x_wconf 88' lang='lat' dir='ltr'><strong>arma</strong></span> <span class='ocrx_word' id='word_1_131' title='bbox 1193 3341 1386 3418; x_wconf 80' lang='lat' dir='ltr'><strong>miles,</strong></span> <span class='ocrx_word' id='word_1_132' title='bbox 1421 3347 1483 3402; x_wconf 87' lang='lat' dir='ltr'><strong>et</strong></span> <span class='ocrx_word' id='word_1_133' title='bbox 1511 3341 1873 3424; x_wconf 87' lang='lat' dir='ltr'><strong>spadonibus</strong></span> 
     </span>
     <span class='ocr_line' id='line_1_30' title="bbox 570 3424 1325 3509; baseline 0.001 -22"><span class='ocrx_word' id='word_1_134' title='bbox 570 3424 809 3488; x_wconf 85' lang='lat' dir='ltr'><strong>Servire</strong></span> <span class='ocrx_word' id='word_1_135' title='bbox 844 3426 1076 3507; x_wconf 85' lang='lat' dir='ltr'><strong>rugosis</strong></span> <span class='ocrx_word' id='word_1_136' title='bbox 1106 3433 1325 3509; x_wconf 87' lang='lat' dir='ltr'><strong>potest,</strong></span> 
     </span>
    </p>

    <p class='ocr_par' dir='ltr' id='par_1_17' title="bbox 478 3509 1496 3680">
     <span class='ocr_line' id='line_1_31' title="bbox 478 3509 1496 3594; baseline 0.001 -20"><span class='ocrx_word' id='word_1_137' title='bbox 478 3509 766 3593; x_wconf 85' lang='lat' dir='ltr'><strong>Interque</strong></span> <span class='ocrx_word' id='word_1_138' title='bbox 798 3511 970 3591; x_wconf 84' lang='lat' dir='ltr'><strong>signa</strong></span> <span class='ocrx_word' id='word_1_139' title='bbox 1000 3519 1174 3594; x_wconf 83' lang='lat' dir='ltr'><strong>turpe</strong></span> <span class='ocrx_word' id='word_1_140' title='bbox 1216 3512 1496 3575; x_wconf 87' lang='lat' dir='ltr'><strong>militaria</strong></span> 
     </span>
     <span class='ocr_line' id='line_1_32' title="bbox 577 3595 1324 3680; baseline -0.001 -20"><span class='ocrx_word' id='word_1_141' title='bbox 577 3595 678 3660; x_wconf 86' lang='lat' dir='ltr'><strong>Sol</strong></span> <span class='ocrx_word' id='word_1_142' title='bbox 709 3597 964 3680; x_wconf 90' lang='lat' dir='ltr'><strong>adspicit</strong></span> <span class='ocrx_word' id='word_1_143' title='bbox 994 3598 1324 3680; x_wconf 88' lang='lat' dir='ltr'><strong>conopium.</strong></span> 
     </span>
    </p>

    <p class='ocr_par' dir='ltr' id='par_1_18' title="bbox 478 3680 1935 3766">
     <span class='ocr_line' id='line_1_33' title="bbox 478 3680 1935 3766; baseline 0.001 -21"><span class='ocrx_word' id='word_1_144' title='bbox 478 3680 572 3745; x_wconf 81' lang='lat' dir='ltr'><strong>At</strong></span> <span class='ocrx_word' id='word_1_145' title='bbox 597 3682 709 3745; x_wconf 87' lang='lat' dir='ltr'><strong>huc</strong></span> <span class='ocrx_word' id='word_1_146' title='bbox 740 3683 1064 3745; x_wconf 87' lang='lat' dir='ltr'><strong>frementes</strong></span> <span class='ocrx_word' id='word_1_147' title='bbox 1097 3690 1410 3746; x_wconf 86' lang='lat' dir='ltr'><strong>verterunt</strong></span> <span class='ocrx_word' id='word_1_148' title='bbox 1436 3683 1527 3746; x_wconf 86' lang='lat' dir='ltr'><strong>bis</strong></span> <span class='ocrx_word' id='word_1_149' title='bbox 1558 3684 1717 3746; x_wconf 86' lang='lat' dir='ltr'><strong>mille</strong></span> <span class='ocrx_word' id='word_1_150' title='bbox 1750 3702 1935 3766; x_wconf 89' lang='lat' dir='ltr'><strong>equos</strong></span> 
     </span>
    </p>
   </div>
   <div class='ocr_carea' id='block_1_5' title="bbox 565 3767 1444 3916">
    <p class='ocr_par' dir='ltr' id='par_1_19' title="bbox 565 3767 1444 3916">
     <span class='ocr_line' id='line_1_34' title="bbox 565 3767 1444 3916; baseline -0.001 -84"><span class='ocrx_word' id='word_1_151' title='bbox 565 3767 745 3850; x_wconf 87' lang='lat' dir='ltr'><strong>Galli,</strong></span> <span class='ocrx_word' id='word_1_152' title='bbox 775 3777 1062 3916; x_wconf 43' lang='lat' dir='ltr'><strong>catizntes</strong></span> <span class='ocrx_word' id='word_1_153' title='bbox 1095 3769 1444 3850; x_wconf 77' lang='lat' dir='ltr'><strong>Gaesarem,</strong></span> 
     </span>
    </p>
   </div>
   <div class='ocr_carea' id='block_1_6' title="bbox 2178 265 2305 332">
    <p class='ocr_par' dir='ltr' id='par_1_20' title="bbox 2178 265 2305 332">
     <span class='ocr_line' id='line_1_35' title="bbox 2178 265 2305 332; baseline 0.016 -2"><span class='ocrx_word' id='word_1_154' title='bbox 2178 265 2305 332; x_wconf 83' lang='lat'><strong>113</strong></span> 
     </span>
    </p>
   </div>
   <div class='ocr_carea' id='block_1_7' title="bbox 2255 708 2315 757">
    <p class='ocr_par' dir='ltr' id='par_1_21' title="bbox 2255 708 2315 757">
     <span class='ocr_line' id='line_1_36' title="bbox 2255 708 2315 757; baseline 0 0"><span class='ocrx_word' id='word_1_155' title='bbox 2255 708 2315 757; x_wconf 89' lang='grc'><strong>10</strong></span> 
     </span>
    </p>
   </div>
   <div class='ocr_carea' id='block_1_8' title="bbox 2242 3108 2299 3158">
    <p class='ocr_par' dir='ltr' id='par_1_22' title="bbox 2242 3108 2299 3158">
     <span class='ocr_line' id='line_1_37' title="bbox 2242 3108 2299 3158; baseline 0.035 -2"><span class='ocrx_word' id='word_1_156' title='bbox 2242 3108 2299 3158; x_wconf 75' lang='lat' dir='ltr'><strong>la</strong></span> 
     </span>
    </p>
   </div>
   <div class='ocr_carea' id='block_1_9' title="bbox 2242 3533 2297 3581">
    <p class='ocr_par' dir='ltr' id='par_1_23' title="bbox 2242 3533 2297 3581">
     <span class='ocr_line' id='line_1_38' title="bbox 2242 3533 2297 3581; baseline -0.018 0"><span class='ocrx_word' id='word_1_157' title='bbox 2242 3533 2297 3581; x_wconf 77' lang='lat'><strong>15</strong></span> 
     </span>
    </p>
   </div>
  </div>
 </body>
</html>
