2675 4409
949 343 1080 390 LIB.
1125 344 1232 391 111.
1277 343 1475 392 cARM.
1524 345 1621 392 VI.

589 495 799 561 Donec
827 495 1104 560 labantes
1133 498 1373 562 consilio
1412 506 1619 583 patres

586 582 890 646 Firmaret
918 593 1130 645 auctor
1155 603 1462 666 nunquam
1494 586 1641 648 alias
1670 582 1836 669 date,

678 668 970 750 Interque
1000 675 1337 732 maerentes
1368 670 1587 733 amicos

763 752 1066 834 Egregius
1096 762 1447 838 properaret
1476 755 1667 818 exsul.

592 836 789 920 Atqui
817 838 1048 900 sciebat
1075 859 1230 922 quae
1260 840 1372 902 sibi
1402 841 1693 904 barbarus

593 923 808 987 Tortor
835 931 1080 1006 pararet
1105 944 1122 1000 ;
1162 945 1282 1004 non
1311 925 1490 988 aliter
1516 933 1721 989 tamen

675 1008 944 1072 Dimovit
969 1009 1275 1072 obstantes
1305 1012 1689 1094 propinquos,

761 1092 847 1156 Et
872 1095 1156 1177 populum
1183 1095 1417 1159 reditus
1443 1104 1799 1178 morantem,

594 1176 790 1251 Quam
822 1178 872 1242 si
903 1179 1186 1242 clientum
1215 1181 1397 1263 longa
1423 1183 1668 1265 negotia

589 1261 940 1348 Dijudicata
965 1264 1070 1327 lite
1099 1264 1493 1348 relinqueret,

675 1348 957 1412 Tendens
986 1349 1369 1414 Venafranos
1396 1350 1461 1413 in
1490 1369 1667 1432 agros

763 1434 898 1498 Aut
924 1434 1469 1500 Lacedaemonium
1496 1435 1845 1500 Tarentum.

949 1859 1409 1926 CARMEN
1464 1861 1624 1927 Vl.

588 2203 884 2268 Damon
910 2203 1202 2287 majorum
1233 2202 1563 2267 immeritus
1590 2203 1746 2287 lues,

593 2289 887 2367 Romane,
915 2287 1106 2352 donec
1137 2290 1361 2372 templa
1389 2289 1676 2353 refeceris

674 2373 1004 2456 Aedesque
1032 2374 1302 2436 labentes
1332 2374 1581 2437 deorum
1632 2378 1699 2437 et
1816 2383 1821 2388 ’

759 2459 968 2522 Foeda
993 2479 1166 2541 nigro
1195 2459 1515 2523 simulacra
1540 2459 1726 2524 fumo.

593 2543 706 2609 Dis
735 2549 796 2606 tc
825 2544 1111 2606 minorem
1141 2545 1301 2628 quod
1331 2546 1492 2628 geris
1544 2545 1838 2627 imperast

591 2629 756 2693 Hinc
787 2649 960 2692 omne
989 2629 1367 2712 principium,
1396 2630 1517 2693 huc
1544 2630 1708 2692 refer
1735 2630 1982 2694 exitum.

676 2714 760 2778 Di
786 2715 976 2776 multa
1002 2715 1266 2797 neglecti
1294 2714 1597 2778 dederunt

764 2798 1100 2880 Hesperiae
1131 2800 1289 2862 mala
1316 2801 1646 2862 luctuosae.

592 2883 640 2948 J
641 2904 736 2946 am
762 2884 853 2946 bis
883 2883 1202 2948 Monaeses
1233 2891 1296 2946 et
1325 2882 1541 2946 Pacori
1567 2895 1781 2948 manus

589 2968 732 3032 Non
762 2969 1096 3051 auspicatos
1127 2969 1399 3032 contudit
1425 2969 1683 3052 impetus

678 3053 934 3118 Nostros
988 3060 1051 3116 et
1080 3054 1369 3136 adjecisse
1399 3054 1688 3138 praedam

761 3139 1096 3222 Torquibus
1127 3139 1357 3222 exiguis
1386 3139 1642 3204 renidet.

593 3223 799 3286 Paene
830 3229 1180 3306 occupatam
1209 3224 1595 3288 seditionibus

591 3308 835 3372 Delevit
863 3309 1092 3383 Urbem
1121 3308 1328 3372 Dacus
1360 3317 1423 3372 et
1449 3309 1770 3397 Aethiope,

679 3393 803 3456 Hic
835 3393 1023 3457 classe
1053 3395 1427 3474 formidatuS,
1455 3397 1557 3458 ille

765 3479 1092 3541 Missilibus
1120 3480 1330 3541 melior
1358 3480 1614 3562 sagittis.

590 3563 882 3627 Fecunda
911 3565 1122 3648 culpae
1152 3566 1357 3627 secula
1384 3566 1623 3649 nuptias

595 3647 864 3713 Primum
893 3649 1280 3731 inquinavere
1312 3656 1377 3712 et
1404 3671 1595 3733 genus
1625 3654 1689 3713 et
1716 3650 1920 3716 domos
1953 3668 1975 3728 3

679 3733 818 3797 Hoc
848 3735 1012 3796 fonte
1044 3735 1312 3798 derivata
1342 3737 1546 3799 clades

770 3818 849 3881 In
877 3820 1132 3903 patriam
1159 3822 1561 3906 populumque
1587 3817 1778 3882 fluxit.

2245 331 2460 414 59,

2266 2985 2329 3037 10

2266 3411 2329 3461 15
