2675 4409
37 1901 56 1984 ,ν
38 1881 41 1886 ,
38 1849 41 1866 ,,
38 1801 46 1828 Ὺ
38 1779 41 1792 ,.
37 1611 46 1640 ,,

37 2651 48 2694 ,ν
38 2521 45 2564 Ἴ
38 2473 41 2516 -
38 2397 41 2466 m---
37 2347 52 2390 ν
38 2237 40 2244 .

834 857 910 936 Q.
969 858 1347 924 HORATII
1400 857 1719 926 FLAGOI

480 1079 2041 1174 EPISTOLARUM

871 1365 878 1372 ·
985 1349 1212 1406 LIBER
1259 1350 1562 1407 PRMUS.

1120 1586 1430 1634 ...4-

928 1801 1479 1868 EPISTOLA
1536 1803 1605 1869 1·.

222 1977 456 2043 PRIMA
489 1975 650 2040 dicte
677 1971 844 2053 mihi,
873 1995 1104 2038 summa.
1133 1973 1385 2038 dicende
1418 1973 1704 2056 Camena,

229 2063 591 2146 Spectatum
623 2061 770 2124 satis
801 2067 863 2123 et
893 2060 1176 2122 donatum
1197 2061 1326 2144 jam
1356 2061 1507 2124 rude
1538 2061 1799 2146 quaeriS,

224 2149 584 2226 Maecenas,
610 2147 830 2210 iterum
859 2147 1104 2229 antiquo
1133 2167 1228 2208 me
1259 2146 1565 2208 includere
1596 2147 1752 2211 ludo,

223 2235 295 2298 N
296 2255 377 2297 on
405 2233 616 2296 eadem
647 2238 740 2296 est
769 2239 958 2310 aetaS,
986 2252 1106 2293 non
1134 2251 1323 2292 mens·
1412 2231 1705 2297 Veianius
1734 2233 1914 2298 armis

223 2319 519 2384 Herculis
548 2318 626 2381 ad
655 2324 885 2401 postem
912 2316 1045 2380 fixis
1074 2316 1226 2378 latet
1258 2315 1495 2379 abditus
1530 2337 1697 2400 agro,

223 2405 334 2469 Ne
367 2404 650 2488 populum
681 2409 949 2480 extrema
977 2401 1152 2464 toties
1181 2407 1390 2464 exoret
1420 2423 1623 2466 arena.

221 2491 348 2557 Est
375 2489 520 2552 mihi
549 2495 865 2572 purgatam
896 2477 1106 2550 crebro
1135 2487 1239 2570 qui
1266 2495 1549 2572 personet
1586 2509 1834 2553 aurem·

231 2575 416 2639 Solve
445 2580 856 2638 senescentem
883 2579 1116 2635 mature
1147 2593 1326 2636 sanus
1359 2594 1601 2656 equum,
1630 2595 1708 2635 ne

228 2661 464 2724 Peccet
492 2657 572 2722 ad
600 2665 933 2722 extremum
959 2657 1246 2721 ridendus
1277 2664 1342 2719 et
1368 2657 1471 2719 ilia
1502 2657 1705 2720 ducat.

229 2745 420 2809 Nunc
448 2744 652 2828 itaque
683 2749 746 2807 et
773 2763 982 2808 versus
1013 2749 1077 2805 et
1105 2749 1308 2804 cetera
1336 2741 1570 2804 ludicra
1598 2763 1774 2825 pono,
2245 2767 2306 2814 10

233 2830 398 2904 Quid
426 2851 638 2894 verum
667 2836 848 2912 atque
880 2829 1102 2892 decens
1133 2845 1277 2890 curo
1307 2833 1373 2890 et
1400 2847 1567 2910 roge,
1592 2832 1657 2890 et
1685 2827 1872 2892 omnis
1900 2827 1963 2892 in
1989 2828 2103 2893 hoc
2132 2848 2303 2894 sum·
2284 2875 2303 2907 ,

235 2915 446 2980 Condo
479 2921 542 2978 et
573 2935 856 2998 compono
886 2933 1042 2998 quae
1070 2934 1208 2976 mox
1238 2912 1588 2996 depromere
1617 2913 1856 2996 possim.

236 3001 334 3064 Ac
365 3022 443 3064 ne
474 3001 628 3064 forte
658 3020 835 3082 roges
887 3020 1006 3082 quo
1033 3019 1130 3062 me
1161 2998 1338 3079 duce,
1369 3020 1489 3083 quo
1516 3000 1644 3062 lare
1676 3005 1860 3084 tuter,

234 3083 478 3149 Nullius
508 3085 830 3148 addictus
802 3105 1012 3184 Jurare
1041 3085 1103 3146 in
1132 3084 1318 3148 verba
1346 3085 1619 3168 magistri

235 3171 370 3244 Quo
398 3193 494 3234 me
545 3191 781 3254 cunque
810 3169 969 3252 rapit
998 3177 1343 3252 tempestae,
1374 3170 1613 3234 deferor
1640 3170 1877 3256 hospes.
2246 3193 2305 3242 15

231 3256 418 3319 Nunc
449 3255 620 3339 agilis
648 3257 726 3320 fio
760 3263 822 3318 et
850 3276 1078 3318 mersor
1107 3255 1377 3319 civilibus
1406 3257 1605 3336 undis,

231 3342 496 3405 Virtutis
526 3362 704 3404 verae
738 3347 935 3404 custos
964 3340 1311 3422 rigidusque
1344 3343 1626 3419 satelles;

231 3427 418 3489 Nunc
449 3429 509 3488 in
539 3426 836 3510 Aristippi
863 3426 1070 3489 furtim
1099 3435 1424 3510 praecepta
1453 3429 1708 3506 relabor,

231 3511 319 3574 Et
348 3512 490 3574 mihi
520 3533 618 3574 res
669 3534 788 3574 non
817 3533 914 3573 me
945 3511 1124 3574 rebus
1153 3512 1516 3596 subjungere
1548 3534 1748 3575 conor.

230 3596 327 3661 Ut
353 3619 471 3660 nox
498 3598 680 3680 longa
709 3597 924 3680 quibus
952 3597 1237 3660 mentitur
1267 3599 1481 3676 amica,
1512 3597 1760 3680 diesque
2244 3613 2319 3664 2⁰·

229 3681 450 3764 Longa
479 3683 718 3745 videtur
747 3703 896 3766 opus
927 3682 1304 3762 debentibus,
1333 3689 1405 3744 ut
1431 3684 1604 3768 piger
1633 3702 1825 3746 annus

229 3768 488 3852 Pupillis
542 3789 690 3852 quos
721 3767 1120 3916 durallgemit
1149 3768 1421 3870 custodia
1448 3773 1753 3846 matrum3
