2675 4409
349 214 474 280 176
1117 225 1487 281 mmmm

349 383 707 449 Discedunt.
797 381 1040 446 Etenim
1067 381 1260 448 fateor
1283 405 1408 464 me,
1439 381 1658 447 dixerit
1686 381 1811 462 ille,
1912 376 1917 380 ’

349 470 509 534 Duci
539 475 749 533 ventre
777 469 994 546 levem,
1024 489 1234 532 nasum
1262 470 1469 532 nidore
1500 467 1767 554 supinor,

350 555 714 633 Imbecillus,
742 554 923 633 inem,
955 554 1005 616 si
1035 556 1179 636 quid
1208 554 1298 617 vis
1353 553 1507 617 adde
1539 554 1797 637 ‚popin0.

350 642 608 722 Tu,cum
639 640 720 703 sis
750 639 910 722 quod
941 660 1054 720 ego
1083 647 1146 702 et
1173 641 1442 704 fortassis
1472 641 1741 722 nequior,
1772 639 1931 704 ultro

350 726 660 789 Insectere
691 725 859 786 velut
884 725 1093 787 melior
1147 726 1462 808 verbisque
1494 724 1724 787 decoris
1986 724 2001 738 “

354 811 652 874 Obvolvas
681 808 943 872 vitium?
1033 808 1215 890 Quid,
1239 811 1288 874 si
1317 833 1414 874 me
1446 810 1683 873 stultior
1710 810 1839 900 ipso

352 895 709 979 Quingentis
739 902 896 958 emto
927 895 1223 959 drachmis
1254 895 1642 989 deprenderis
1667 895 1694 958 ⁴?
1780 893 1980 957 Aufer

349 982 455 1044 Me
487 983 656 1045 vultu
684 987 914 1044 terrere
940 1000 958 1058 ;
998 1001 1242 1043 manum
1271 981 1758 1064 stomachumque
1789 987 2016 1060 teneto,

349 1066 534 1147 Dum,
566 1087 719 1149 quae
753 1065 1010 1150 Crispini
1040 1066 1243 1130 docuit
1269 1088 1367 1128 me
1386 1066 1615 1149 janitor
1666 1065 1801 1129 edo·

350 1153 436 1214 Te
469 1152 685 1236 conjux
713 1151 908 1214 aliena
937 1151 1120 1235 capit,
1148 1151 1533 1214 meretricula
1560 1151 1801 1214 Davum
1826 1172 1844 1214 ε

351 1238 581 1301 Peccat
608 1244 748 1300 uter
775 1242 1046 1300 nostrum·
1075 1257 1254 1300 cruce
1286 1237 1526 1320 dignius
1552 1235 1577 1300 ’ἒ
1669 1236 1847 1301 Acris
1876 1234 1981 1299 ubi
2006 1255 2105 1299 me

350 1322 592 1386 Natura
618 1321 898 1402 intendit,
928 1323 1037 1386 sub
1069 1324 1234 1386 clara
1259 1323 1424 1386 nuda
1450 1323 1700 1387 lucerna

352 1408 763 1492 Quaecunque
810 1406 1049 1492 excepit
1077 1409 1373 1491 turgentis
1403 1409 1657 1471 verbera
1686 1405 1939 1484 caudae,

353 1493 640 1556 Clunibus
670 1498 777 1556 aut
805 1492 1055 1574 agitavit
1084 1514 1305 1577 equum
1330 1493 1556 1556 lasciva
1584 1492 1883 1576 supinum,

351 1577 618 1640 Dimittit
641 1597 839 1660 neque
868 1577 1159 1640 famosum
1187 1599 1385 1660 neque
1416 1579 1733 1641 sollicitum
1782 1597 1861 1639 ne

352 1661 551 1725 Ditior
578 1668 683 1725 aut
710 1662 936 1725 formae
965 1662 1225 1725 melioris
1254 1663 1438 1724 meiat
1464 1662 1698 1725 eodem.

353 1747 448 1810 'l'u
478 1769 614 1811 cum
643 1747 922 1831 projectis
949 1746 1299 1830 insignibus,
1326 1748 1546 1810 annulo
1579 1743 1849 1829 equestri

352 1833 742 1916 Romanoque
771 1831 1001 1912 habitu,
1032 1833 1232 1915 prodis
1262 1853 1338 1895 ex
1358 1831 1565 1917 judice
1594 1831 1790 1894 Dama

355 1919 592 2002 TurpiS‚
624 1917 934 1980 odoratum
967 1924 1149 2000 caput
1177 1916 1532 1980 obscurante
1563 1919 1828 1996 lacerna,

355 2003 418 2064 N
419 2023 496 2065 on
526 2023 590 2066 es
619 2003 778 2084 quod
808 2002 1097 2065 simulas?
1185 2003 1469 2066 Metuens
1496 2001 1822 2084 induceri8‚
1852 2006 2034 2084 atque

355 2088 709 2150 Altercante
739 2087 1079 2150 libidinibus
1108 2087 1312 2150 tremis
1344 2109 1477 2151 ossa
1504 2108 1747 2172 pavore.

357 2171 516 2244 Quid
544 2172 733 2236 refert
781 2172 899 2253 uri,
929 2173 1112 2256 virgis
1141 2173 1421 2257 ferroque
1452 2173 1657 2236 necari
1825 2241 1829 2245 ,

352 2258 723 2321 Auctoratus
755 2277 878 2338 eas,
909 2279 988 2322 an
1016 2259 1178 2344 turpi
1210 2260 1447 2322 clausus
1475 2259 1537 2321 in
1567 2279 1730 2340 arca,

354 2341 488 2416 Quo
517 2350 578 2406 te
609 2343 845 2409 demisit
872 2345 1106 2428 peccati
1137 2345 1375 2408 conscia
1402 2344 1627 2424 heriJiS,

357 2427 743 2500 Contractum
771 2431 1024 2512 genibus
1053 2437 1267 2514 tangas
1297 2428 1531 2513 caput?
1620 2429 1811 2494 Estne
1840 2427 2054 2493 marito

357 2513 668 2577 Matronae
698 2515 1004 2598 peccantis
1030 2515 1095 2578 in
1123 2516 1295 2578 ambo
1314 2517 1484 2600 justa
1510 2513 1825 2598 potestas?

352 2599 430 2661 In
459 2607 867 2682 corruptorem
893 2601 994 2664 vel
1014 2599 1281 2685 justior?
1367 2601 1487 2664 Illa
1514 2607 1716 2663 tamen
1745 2620 1811 2664 se

352 2684 494 2748 Non
522 2685 729 2748 habitu
756 2692 1024 2750 mutatve
1053 2686 1204 2766 loco,
1233 2693 1525 2770 peccatve
1555 2705 1833 2769 superne.

355 2770 506 2833 Cum
538 2777 598 2834 te
630 2771 910 2834 formidet
936 2773 1376 2855 mulier’neque
1409 2771 1619 2835 credat
1648 2770 1895 2851 amanti,

351 2856 478 2919 Ibis
505 2856 616 2918 sub
645 2856 878 2920 furcam
907 2856 1192 2940 prudens,
1224 2857 1576 2940 dominoque
1608 2856 1831 2919 furenti

355 2941 703 3004 Committes
731 2963 1119 3005 rem-omnem
1149 2949 1215 3004 et
1242 2943 1427 3004 vitam
1456 2948 1520 3003 et
1548 2961 1684 3004 cum
1716 2961 1962 3023 corpore
1990 2940 2232 3004 famam.

353 3026 586 3108 Evasti,
633 3025 816 3089 credo
861 3033 1098 3090 metues
1144 3027 1474 3108 doctusque
1507 3026 1744 3088 cavebis
1772 3046 1789 3102 ;

354 3110 621 3182 Quaeres
674 3110 911 3191 quando
940 3111 1158 3173 iterum
1186 3132 1407 3193 paveas
1434 3111 1768 3191 iterumque
1798 3109 1995 3191 perire

353 3195 576 3272 PossiS,
608 3215 643 3256 o
674 3195 851 3257 toties
881 3215 1089 3258 servus
1116 3195 1130 3259 ἱ
1210 3194 1381 3268 Quae
1409 3195 1609 3256 bellua
1638 3195 1845 3278 ruptiS,

355 3277 506 3341 Cum
537 3279 720 3342 semel
749 3280 978 3361 effugit,
1010 3280 1209 3342 reddit
1236 3301 1301 3342 se
1330 3300 1519 3364 prava
1547 3278 1826 3342 catenis?

353 3363 416 3425 N
419 3386 494 3426 on
524 3385 654 3427 sum
682 3366 965 3428 moechus
996 3365 1102 3428 ais.
1149 3364 1367 3448 Neque
1400 3385 1512 3447 ego
1563 3365 1809 3427 hercule
1868 3365 1968 3427 fur
2016 3365 2121 3428 ubi
2148 3385 2294 3429 vasa

352 3450 680 3513 Praetereo
710 3451 946 3534 sapiens
977 3457 1304 3533 argentea:
1353 3453 1493 3514 tolle
1524 3451 1836 3534 periclum,

350 3532 394 3597 J
397 3556 494 3598 am
522 3556 678 3619 vaga
706 3537 972 3619 prosiliet
999 3536 1185 3599 frenis
1213 3544 1434 3600 natura
1460 3537 1725 3600 remotis.

349 3620 520 3684 Tune
548 3621 692 3684 mihi
721 3622 1013 3702 dominus,
1042 3643 1245 3685 rerum
1273 3621 1540 3706 imperiis
1566 3622 1985 3705 hominumque

349 3705 466 3770 Tot
494 3707 796 3791 tantisque
824 3707 1038 3788 minor,
1068 3729 1248 3792 quem
1277 3715 1373 3771 ter
1401 3709 1666 3772 vindicta
1694 3714 2029 3792 quaterque

2360 658 2425 710 40

2360 1083 2423 1132 45

2358 3215 2419 3264 7⁰
