2675 4409
967 277 1104 327 m.
1147 277 1194 326 1.
1239 275 1377 327 su.
1422 278 1517 328 xv.
2198 229 2333 326 137'

230 430 490 499 Condita
518 453 657 498 cum
683 453 877 498 verax
908 433 1106 518 aperit
1132 433 1490 518 praecordia
1518 431 1726 497 Liber.

225 518 350 584 Hic
382 520 492 584 tibi
521 521 706 585 comis
735 527 801 585 et
827 521 1096 584 urbanus
1124 520 1399 604 liberque
1428 519 1695 602 videtur,
1860 552 1874 565 ·
2262 539 2329 591 9ο

223 606 458 671 Infesto
486 606 696 688 nigriS.
790 607 926 692 Ego
955 608 1006 671 si
1035 607 1140 671 risi
1170 607 1334 692 quod
1362 609 1604 691 ineptus

224 693 509 758 Pastillos
540 693 804 758 Rufillus
833 696 977 773 olet,
1013 693 1360 776 Gargonius
1389 695 1649 772 hircum,

225 779 476 846 Lividus
512 789 576 844 et
604 780 856 844 mordax
886 781 1092 844 videor
1120 779 1277 844 tibi?
1366 780 1603 845 Mentio
1632 779 1685 844 si
1714 799 1839 865 qua

223 867 316 932 De
351 866 678 951 Capitolini
707 867 890 932 furtis
917 867 1142 952 injecta
1172 866 1383 945 Petilli

219 953 308 1019 Te
340 975 549 1018 coram
579 954 786 1034 fuerit,
817 954 1112 1018 defendas
1143 961 1216 1017 ut
1243 961 1387 1016 tuus
1416 958 1511 1016 est
1538 973 1717 1017 mos:
2264 969 2330 1022 ω

216 1045 260 1082 “
286 1039 396 1105 Me
433 1039 810 1124 Capitolinus
840 1040 1182 1105 convictore
1211 1061 1359 1103 usus
1388 1039 1703 1123 amicoque

215 1126 268 1191 A
309 1148 510 1212 puero
539 1135 638 1192 est
667 1149 969 1212 causaque
999 1148 1137 1191 mea
1165 1127 1471 1211 permulta
1498 1139 1749 1209 rogatus

213 1211 422 1293 Fecit,
455 1221 520 1278 et
547 1214 861 1278 incolumis
891 1216 1085 1278 laetor
1112 1213 1275 1298 quod
1307 1213 1455 1277 vivit
1482 1212 1545 1280 in
1574 1213 1766 1276 urbe·
1748 1257 1765 1288 ,

217 1299 344 1364 Sed
377 1309 588 1364 tamen
618 1299 906 1381 admiror,
935 1322 1055 1385 quo
1085 1308 1264 1385 pacto
1283 1298 1583 1383 judicium
1612 1298 1763 1361 illud

211 1385 500 1471 Fugerit.
508 1387 550 1420 '’
639 1387 762 1452 Hic
792 1388 1002 1470 nigrae
1033 1407 1252 1452 succus
1282 1385 1566 1470 loliginis,
1596 1386 1749 1448 haec
1780 1389 1875 1448 est
2237 1390 2334 1446 1oe

209 1473 478 1558 Aerugo
505 1495 693 1538 mera.
786 1473 963 1548 Quod
996 1474 1206 1538 vitium
1235 1475 1447 1557 procul
1478 1473 1643 1536 afore
1674 1471 1900 1536 chartis

211 1559 434 1645 Atque
469 1561 665 1624 animo
695 1561 884 1645 priua,
915 1567 985 1624 ut
1013 1562 1067 1624 si
1097 1559 1243 1644 quid
1275 1560 1625 1643 promittere
1656 1558 1733 1622 de
1763 1580 1861 1624 me

212 1646 482 1710 Possum
513 1647 678 1710 aliud
707 1669 877 1726 vere,
906 1647 1210 1731 promitto.
1303 1643 1581 1710 Liberius
1609 1645 1661 1710 si

212 1733 458 1798 Dixero
487 1733 656 1816 quid,
687 1733 739 1798 si
767 1735 972 1798 forte
943 1732 1232 1817 JocosiuS,
1262 1733 1378 1796 hoc
1409 1733 1601 1799 mihi
1573 1732 1733 1816 Juris

214 1819 374 1883 Cum
407 1820 590 1883 venia
619 1820 829 1883 dabis·
813 1868 829 1883 .
877 1820 1141 1883 insuevit
1171 1827 1346 1904 pater
1376 1819 1635 1902 optimus
1664 1819 1777 1882 hoc
1807 1838 1933 1899 me,
2232 1823 2327 1873 105

209 1905 308 1971 Ut
338 1907 626 1989 fugerem
656 1907 946 1990 exemplis
976 1907 1258 1970 vitiorum
1289 1927 1569 1989 quaeque
1600 1904 1883 1969 notando.

213 1991 376 2056 Cum
410 2013 510 2056 me
540 1992 910 2073 hortaretur,
941 2014 1148 2076 parce,
1177 1992 1519 2075 frugaliter,
1551 2001 1734 2075 atque

211 2079 520 2144 Viverem
549 2079 640 2142 uti
669 2086 990 2143 contentus
1021 2100 1093 2142 eo
1124 2077 1286 2162 quod
1319 2079 1401 2142 mi
1430 2078 1560 2161 ipse
1592 2083 1907 2163 parasset:

207 2169 251 2203 “
279 2165 514 2230 Nonne
547 2165 716 2229 vides
745 2166 893 2229 Albi
921 2172 994 2228 ut
1021 2165 1178 2229 male
1209 2165 1377 2228 vivat
1403 2166 1583 2245 filius,
1617 2174 1807 2249 utque

209 2251 462 2316 Barrus
491 2251 714 2336 inops?
803 2252 1104 2336 Magnum
1132 2251 1561 2315 documentum
1591 2274 1669 2316 ne
1702 2250 1957 2335 patriam
1985 2269 2117 2312 rem
2230 2257 2326 2310 110

205 2338 496 2404 Perdere
528 2339 661 2422 quis
692 2339 858 2403 velit.
866 2339 906 2372 ''
998 2339 1063 2402 A
1092 2338 1258 2422 turpi
1286 2359 1450 2402 mere
1458 2338 1623 2402 tricis
1652 2359 1855 2402 amore

208 2425 377 2490 Cum
407 2424 788 2489 deterreret:
840 2431 882 2463 ‘⁶
910 2423 1158 2490 Seetani
1187 2425 1489 2491 dissimilis
1518 2425 1661 2489 sis.''

207 2512 318 2578 Ne
352 2533 650 2595 sequerer
679 2513 958 2576 moechas
991 2533 1279 2576 concessa
1307 2533 1447 2576 cum
1476 2533 1699 2576 venere
1729 2509 1823 2574 uti

207 2599 518 2664 Possem.
564 2603 606 2636 ‘⁶
633 2597 939 2683 Deprensi
966 2621 1086 2662 non
1116 2598 1276 2662 bella
1303 2606 1401 2662 est
1438 2600 1601 2662 fama
1628 2592 1952 2676 Treboni,'’

210 2685 472 2750 Aiebat.
562 2689 603 2722 ⁶⁶
629 2683 886 2768 Sapiens
919 2686 1112 2749 vitatu
1141 2685 1410 2768 quidque
1432 2685 1640 2768 petitu
2231 2687 2326 2740 115

217 2771 318 2836 Sit
347 2771 566 2836 melius
596 2793 812 2836 causas
842 2771 1060 2836 reddet
1087 2771 1237 2835 tibi:
1285 2772 1369 2834 mi
1398 2771 1545 2836 satis
1575 2778 1670 2834 est
1698 2769 1751 2834 si

215 2858 542 2922 Traditum
573 2859 649 2922 ab
681 2858 946 2942 antiquis
975 2879 1204 2922 morem
1233 2879 1481 2921 servare
1512 2865 1824 2958 tuamque,

215 2944 389 3008 Dum
420 2945 688 3009 custodis
719 2966 888 3028 eges»,
921 2945 1109 3009 vitam
1137 2945 1483 3028 famamque
1515 2945 1675 3008 tueri

219 3029 596 3095 Incolumem
612 3052 914 3132 ‚possum3
959 3031 1136 3094 simul
1167 3052 1239 3095 ac
1271 3031 1587 3095 duraverit
1618 3037 1789 3095 aetas

219 3117 504 3180 Membra
535 3119 916 3202 animumque
947 3124 1121 3181 tuum
1149 3117 1320 3181 nabis
1352 3118 1482 3180 sine
1512 3119 1783 3182 cortice)
1767 3118 1810 3148 ''
1904 3114 2007 3182 Sic
2035 3135 2133 3182 me
2233 3123 2326 3174 120

217 3203 274 3267 F
275 3205 550 3268 ormabat
579 3226 835 3288 puerum
865 3204 1092 3281 dictis;
1138 3211 1204 3268 et
1231 3205 1359 3268 sive
1380 3204 1641 3287 jubebat

217 3289 314 3370 Ut
341 3291 608 3354 facerem
639 3291 823 3374 quid.
873 3297 913 3328 “
942 3251 1154 3354 Hab’es
1185 3298 1497 3354 auctorem
1527 3313 1647 3376 quo
1677 3291 1866 3356 facias
1892 3290 2090 3355 hoc*
2031 3337 2049 3368 ,

218 3363 436 3440 Unum
464 3397 540 3438 ex
560 3377 868 3461 judicibus
899 3378 1140 3441 selectis
1173 3377 1534 3461 objiciebat3

219 3461 368 3527 Sive
401 3464 690 3526 vetabat.
740 3469 780 3502 ‘⁶
806 3464 913 3527 An
940 3465 1054 3528 hoc
1083 3464 1463 3527 inhonestum
1495 3471 1559 3528 et
1586 3464 1797 3527 inutile
1826 3463 1998 3526 factu

214 3548 285 3613 N
288 3570 441 3612 ecne
473 3549 554 3612 sit
582 3549 927 3630 addubiteS,
949 3551 1170 3633 flagret
1200 3571 1441 3614 rumore
1472 3552 1631 3614 malo
1662 3571 1803 3614 cum
2232 3549 2327 3600 lffi

213 3635 345 3699 Hic
375 3641 562 3720 atque
592 3635 744 3699 ille?
835 3637 1074 3700 Avidos
1103 3636 1368 3700 vicinum
1399 3637 1583 3700 funus
1614 3644 1679 3700 et
1707 3653 1925 3720 aegros

215 3721 573 3802 Exanimat,
602 3722 932 3807 mortisque
961 3730 1132 3786 metu
1161 3723 1274 3786 sibi
1294 3744 1550 3806 parcere
1581 3723 1784 3808 cogit·
1766 3768 1789 3802 ,

219 3807 328 3874 Sic
358 3815 604 3874 teneros
632 3809 1090 3960 animolszaliena
1116 3809 1443 3896 opprobria
1470 3829 1662 3895 saepe
