2675 4409
893 309 1024 356 ΜΒ.
1072 309 1122 357 Ι.
1168 308 1305 357 SAT.
1358 311 1505 358 VIII.

148 460 249 525 Ira
275 461 392 526 fuit
421 461 702 547 capitalis
753 467 825 526 ut
851 463 1061 528 ultima
1090 462 1387 528 divideret
1415 485 1595 546 mors,

36 548 46 612 Γ
147 545 285 610 Non
313 550 502 612 aliam
534 549 607 612 ob
638 563 882 614 causam
932 551 1045 613 nisi
1076 551 1237 632 quod
1268 551 1455 613 virtus
1493 551 1557 613 in
1586 555 1839 636 utroque

149 631 396 696 Summa
423 635 550 706 fuit
575 654 591 711 3
638 634 758 696 duo
789 635 838 696 si
867 635 1166 698 discordia
1195 643 1376 698 vexet
1408 635 1632 699 inertes

143 719 275 780 Aut
301 720 353 782 si
385 721 730 803 disparibus
760 721 984 782 bellum
1012 722 1259 800 incidat,
1291 730 1361 784 ut
1389 721 1667 784 Diomedi

144 803 296 866 Cum
325 805 528 888 Lycio
561 805 816 884 GlaucO,
846 806 1118 870 discedat
1146 807 1373 891 pigrior
1406 809 1565 870 ultro

139 888 510 954 Muneribus
535 892 729 954 missis
751 891 806 974 t)
860 891 1054 954 Bruto
1082 900 1359 976 praetore
1391 898 1636 955 tenente

134 973 347 1038 Ditem
376 976 602 1040 Asiam
654 976 860 1059 Rupili
890 985 952 1041 et
975 977 1148 1040 Persi
1177 1000 1287 1062 par
1316 985 1569 1062 pugnat,
1600 977 1690 1040 uti
1717 998 1837 1040 non

135 1058 563 1144 Compositum
589 1062 801 1125 melius
831 1083 969 1126 cum
995 1062 1176 1127 Bitho
1207 1064 1528 1127 Bacchius.
1621 1063 1697 1125 In
1716 1067 1821 1147 jus

21 1154 36 1223 ς
132 1145 334 1209 Acres
365 1153 762 1232 procurrunt,
789 1170 1074 1231 magnum
1103 1151 1515 1234 spectaculum
1544 1155 1822 1233 uterque.

133 1229 386 1296 Persius
417 1233 668 1318 exponit
697 1253 978 1312 causa-m3
1023 1234 1256 1298 ridetur
1287 1234 1363 1298 ab
1393 1235 1554 1298 omni

136 1314 509 1396 Conventu3
553 1318 763 1382 laudat
790 1319 1052 1383 Brutum
1079 1321 1408 1403 laudatque
1442 1320 1778 1383 cohortem:

20 1455 26 1475 ,
140 1399 344 1466 Solem
371 1404 573 1468 Asiae
617 1403 877 1467 Brutum
905 1407 1192 1489 appellat,
1222 1406 1548 1488 stellasque
1578 1404 1848 1467 salubres

18 1480 28 1560 l
135 1488 440 1570 Appellat
469 1490 719 1553 comites
763 1497 1027 1575 excepto
1057 1491 1274 1574 Rege:
1322 1509 1536 1554 canem
1562 1490 1753 1570 illum,

20 1610 21 1655 χ
135 1571 417 1638 Invisum
448 1575 728 1658 agricolis
758 1575 922 1639 sidus
975 1577 1250 1654 venisse3
1319 1573 1568 1639 Ruebat

137 1657 402 1723 Flumen
426 1669 508 1728 ,ut
533 1661 849 1723 hibernum
877 1662 1074 1724 fertur
1102 1683 1219 1745 quo
1249 1681 1389 1725 rara
1413 1661 1662 1724 securis·

18 1749 46 1884 Ρ
135 1743 290 1808 Tum
319 1746 766 1826 Praenestinus
795 1748 950 1810 salso
979 1749 1285 1830 multoque
1314 1746 1527 1809 fluenti

20 1889 21 1897 ,
139 1827 456 1914 Expressa
482 1832 726 1895 arbusto
755 1833 982 1916 regerit
1011 1833 1300 1912 convicia,
1331 1832 1518 1894 durus

19 1904 43 2013 l
139 1913 571 1981 Vindemiator
601 1924 665 1980 et
692 1917 980 1995 invictus„
1005 1918 1104 1982 cui
1132 1939 1313 2002 saepe
1346 1918 1539 1980 viator

143 1999 445 2067 Cessisset
472 2023 695 2086 magna
719 2005 1079 2086 compellans
1109 2025 1255 2067 voce
1287 2004 1611 2066 cucullum.

141 2085 226 2148 At
256 2086 564 2167 GraecuS,
591 2095 1028 2172 postquamest
1056 2089 1212 2152 Italo
1241 2089 1519 2172 perfusus
1550 2091 1744 2167 aceto,

43 2194 68 2250 ῃ
138 2169 389 2238 Persius
422 2175 762 2238 exclamat:
809 2173 934 2238 Per
960 2195 1230 2257 magnoS,
1259 2175 1478 2253 Brute,
1508 2173 1652 2237 deos
1695 2178 1758 2235 te

37 2259 39 2263 ’
144 2254 264 2321 Oro
323 2261 437 2344 qui
465 2280 642 2343 reges
673 2259 978 2324 consueris
1000 2261 1232 2339 tollere,
1264 2281 1375 2323 cur
1400 2281 1520 2322 non

2116 296 2241 360 145

2178 658 2237 706 15

2172 1056 2237 1130 20

141 2340 324 2409 Hunc
356 2347 600 2430 Regem
617 2344 913 2430 jugulas?
977 2343 1248 2432 Operum
1275 2347 1413 2426 hoc,
1435 2343 1581 2408 mihi
1610 2341 1814 2426 crede,
1842 2345 2085 2406 tuorum
2112 2346 2223 2406 est.

44 2505 72 2556 0

29 2803 42 2834 ι
780 2763 1212 2832 SATIRA
1308 2762 1591 2832 VIII.

157 2935 328 3004 Onm
355 2945 605 3003 truncus
635 2957 800 3001 eram
827 2937 1104 3015 ficulnuS,
1133 2935 1344 2999 inutile
1372 2936 1625 3020 lignum,

162 3020 306 3088 Cum
325 3026 515 3104 faber,
543 3025 811 3088 incertus
841 3042 1150 3085 scamnum
1177 3023 1485 3086 faceretne
1516 3021 1826 3102 Priapum,

27 3102 48 3136 ²
160 3104 369 3173 Maluit
396 3131 526 3173 esse
557 3109 755 3173 deum.
801 3105 972 3171 Deus
999 3107 1140 3170 inde
1172 3128 1283 3190 ego
1335 3108 1538 3170 furum
1566 3107 1885 3190 aviumque

159 3191 416 3258 Maxima
441 3194 729 3258 formido:
776 3214 916 3256 nam
943 3194 1108 3256 fures
1139 3193 1354 3256 dextra
1384 3195 1624 3256 co‘ercet

161 3276 578 3365 Obscoenoque
607 3279 790 3342 ruber
815 3284 1128 3362 porrectus
1160 3278 1234 3341 ab
1265 3277 1511 3361 inguine
1540 3277 1712 3360 palus
1740 3296 1759 3355 ;

156 3365 266 3429 Ast
293 3368 661 3450 importunas
691 3365 963 3428 volucres
990 3364 1055 3426 in
1085 3363 1311 3426 vertice
1343 3362 1573 3426 arundo

156 3449 361 3515 Terret
388 3453 510 3515 fixa
536 3457 822 3532 vetatque
850 3450 1020 3513 novis
1051 3449 1361 3512 considere
1390 3449 1452 3511 in
1482 3447 1689 3511 hortis.

155 3534 285 3601 Huc
316 3537 484 3622 prius
513 3535 784 3620 angustis
813 3536 1009 3620 ejecta
1039 3534 1338 3598 cadavera
1367 3533 1533 3597 cellis

45 3650 79 3674 u.
163 3621 483 3686 Conservus
509 3623 610 3685 vili
637 3621 933 3705 portanda
958 3619 1196 3684 locabat
1224 3620 1290 3682 in
1319 3640 1479 3682 arca.
1727 3668 1728 3671 η

47 3690 78 3744 '0‘
175 3706 276 3772 ‘Ioc
307 3708 563 3771 miserae
594 3706 754 3790 plebi
781 3707 980 3769 stabat
1009 3726 1320 3768 commune
1352 3703 1715 3801 sepulcrum,

169 3793 474 3859 Rantolabo
503 3791 1280 3939 scurraellgomentanoque
1309 3795 1551 3875 nepoti:

2164 3711 2227 3763 io
