2675 4409
1015 283 1146 330 LIB-
1193 282 1243 329 1.
1291 281 1489 328 cARM.
1537 282 1681 330 XVI.

655 434 906 500 Sublimi
933 435 1130 518 fugies
1159 436 1350 499 mollis
1372 436 1658 510 anhelitu,

738 521 804 584 N
806 543 882 584 on
910 522 1022 584 hoc
1053 523 1349 606 pollicitus
1376 529 1541 585 tuae.

649 606 956 670 Iracunda
984 607 1142 670 diem
1172 609 1438 691 proferet
1466 607 1579 670 Ilio

649 692 1064 776 Matronisque
1096 693 1410 791 Phrygum
1440 690 1645 756 classis
1673 689 1974 756 Achillei·
1956 737 1975 769 ,

648 778 798 841 Post
827 787 1024 840 certas
1053 778 1279 840 hiemes
1309 789 1449 840 uret
1476 777 1789 842 Achaicus

737 863 907 946 Ignis
936 862 1155 928 Iliacas
1187 863 1412 928 domos.

962 1285 1423 1353 UARMEN
1482 1285 1727 1352 XVI.

649 1631 706 1696 Ο
736 1645 953 1694 MATRE
982 1628 1236 1727 pulchra
1261 1626 1387 1689 filia
1417 1626 1741 1710 pulchrior,

651 1717 846 1792 Quem
878 1713 1205 1778 criminosis
1237 1734 1475 1795 cunque
1510 1713 1669 1776 voles
1698 1713 1941 1778 modum

734 1803 931 1866 Pones
959 1800 1191 1877 iambiS‚
1221 1800 1347 1862 sive
1384 1799 1622 1861 flamma

824 1885 963 1949 Sive
993 1885 1145 1948 mari
1175 1884 1322 1946 libet
1351 1884 1683 1946 Hadriano·

649 1971 792 2036 Non
821 1971 1227 2056 Dindymene,
1257 1989 1376 2031 non
1408 1968 1605 2052 adytis
1635 1967 1831 2050 quatit

648 2057 920 2122 Mentem
950 2055 1329 2118 sacerdotum
1357 2055 1551 2117 incola
1581 2054 1860 2138 Pythius,

736 2143 799 2206 N
805 2163 881 2204 on
912 2142 1094 2203 Liber
1125 2161 1340 2223 aeque,
1371 2161 1488 2202 non
1519 2149 1697 2202 acuta

826 2225 928 2290 Sic
960 2225 1266 2308 geminant
1296 2225 1671 2310 Corybantes
1700 2243 1845 2288 aera

650 2312 880 2377 Tristes
909 2319 980 2373 ut
1007 2311 1157 2392 irae,
1221 2331 1371 2394 quas
1400 2331 1596 2393 neque
1628 2309 1890 2372 Noricus

651 2398 943 2463 Deterret
971 2396 1130 2459 ensis
1181 2417 1292 2458 nec
1322 2417 1486 2459 mare
1515 2396 1875 2478 naufragum

736 2484 874 2548 Nec
903 2503 1122 2546 saevus
1142 2480 1308 2579 ‘ignis
1352 2503 1465 2544 nec
1496 2479 1807 2544 tremendo

826 2566 1157 2652 Juppiter
1139 2587 1270 2650 1pse
1301 2587 1486 2629 ruens
1518 2568 1796 2629 tumultu.

653 2653 876 2718 Fertur
905 2653 1323 2729 Prometheus,
1354 2652 1579 2713 addere
1610 2649 1862 2733 principi

652 2739 824 2820 Iamo
853 2746 1096 2802 coactus
1126 2735 1483 2833 particulam
1512 2734 1777 2817 undique

735 2823 1088 2900 Desectam,
1113 2829 1176 2884 et
1205 2820 1399 2883 insani
1427 2819 1613 2881 leonis

825 2907 970 2972 Vim
1001 2907 1304 2970 stomacho
1335 2904 1679 2988 apposuisse
1711 2907 1935 2967 nostro·

655 2994 796 3058 Irae
827 2994 1134 3078 Thyesten
1165 2991 1349 3054 exitio
1379 2991 1555 3075 gravi

658 3079 967 3157 Stravere‚
999 3087 1061 3141 et
1091 3079 1227 3140 altis
1258 3077 1504 3140 urbibus
1533 3069 1777 3138 ultimae

747 3163 987 3229 Stetere
1019 3183 1260 3241 causae,
1292 3183 1401 3226 cur
1434 3162 1700 3245 perirent

828 3249 1126 3312 Funditus
1178 3249 1664 3330 imprimeretque
1694 3245 1879 3310 muris

655 3334 895 3398 Hostile
926 3343 1193 3397 aratrum
1224 3335 1523 3396 exercitus
1552 3333 1830 3394 insolens.

657 3420 986 3503 Compesce
1019 3426 1282 3481 mentem
1307 3437 1324 3480 ε
1370 3440 1467 3480 me
1498 3438 1736 3500 quoque
1766 3415 2026 3502 pectoris

743 3505 1026 3572 Tentavit
1051 3504 1116 3566 in
1145 3504 1307 3566 dulci
1326 3506 1584 3587 juventa

825 3589 1056 3654 Fervor
1107 3588 1214 3652 et
1197 3611 1263 3652 m
1291 3590 1520 3652 celeres
1547 3587 1775 3652 'iambos

656 3675 830 3740 Misit
854 3676 1198 3738 furentem·
1180 3721 1198 3752 ,
1287 3695 1449 3738 nunc
1481 3695 1593 3756 ego
1621 3673 1865 3736 mitibus

628 3780 643 3818 ·.
657 3761 902 3826 Mutare
933 3782 1158 3844 quaero
1186 3759 1405 3841 tristia,
1436 3761 1579 3823 dum
1606 3759 1751 3822 mihi

2308 261 2391 328 15

2336 2417 2393 2466 10

2331 2838 2391 2887 15
