2675 4409
979 288 1111 334 ΗΒ.
1156 287 1253 334 1v.
1300 285 1499 334 GARM.
1545 290 1642 336 1v.

974 608 1444 675 OARMEN
1488 609 1643 678 IV.

703 953 979 1028 QUALEM
1006 951 1344 1014 ministrum
1373 951 1634 1015 fulminis
1663 951 1890 1035 alitem,

697 1039 811 1103 Cui
840 1059 947 1100 rex
976 1037 1221 1100 deorum
1253 1059 1504 1120 regnum
1536 1039 1596 1100 in
1627 1058 1770 1102 aves
1801 1061 1986 1125 vagas

786 1122 1069 1188 Permisit
1114 1130 1397 1206 expertus
1425 1123 1665 1186 fidelem

866 1208 911 1272 J
914 1207 1155 1292 uppiter
1179 1209 1244 1270 in
1279 1207 1640 1306 Ganymede
1668 1209 1844 1292 fiam,

702 1292 861 1358 Olim
879 1293 1163 1376 juventas
1192 1299 1256 1356 et
1282 1300 1514 1374 patrius
1543 1292 1714 1374 vigor

698 1378 863 1443 Nido
890 1379 1161 1441 laborum
1189 1377 1454 1461 propulit
1478 1376 1752 1456 inscium,

696 1507 707 1518 ·
785 1463 1099 1546 Vernique
1142 1463 1273 1547 jam
1300 1462 1516 1525 nimbis
1545 1461 1788 1528 remotis
1820 1485 1826 1492 ·

869 1549 1147 1611 Insolitos
1178 1548 1438 1612 docuere
1463 1548 1630 1611 nisus

698 1631 891 1699 Venti
919 1641 1259 1717 paventem,
1286 1655 1426 1696 mox
1451 1634 1516 1696 in
1543 1633 1722 1696 ovilia

702 1718 961 1785 Demisit
987 1720 1217 1782 hostem
1246 1720 1480 1782 vividus
1507 1720 1786 1802 impetus,

784 1805 850 1870 N
852 1825 969 1867 unc
1000 1805 1063 1867 in
1092 1806 1460 1868 reluctantes
1489 1805 1778 1868 dracones

875 1889 1023 1972 Egit
1052 1911 1217 1953 amor
1246 1891 1417 1973 dapis
1447 1897 1628 1973 atque
1659 1909 1898 1972 pugnae
1925 1907 1944 1952 z

704 1975 1031 2050 Qualemve
1060 1975 1235 2039 laetis
1264 1996 1486 2058 caprea
1517 1975 1755 2059 pascuis

706 2061 953 2126 Intenta
980 2061 1179 2124 fulvae
1208 2062 1418 2125 matris
1448 2061 1521 2123 ab
1549 2063 1736 2124 ubere

784 2147 829 2211 J
832 2167 927 2209 am
958 2147 1458 2228 lacte-depulsum
1495 2147 1728 2208 leonem

816 2249 821 2256 ·
877 2231 1079 2294 Dente
1109 2252 1261 2294 novo
1290 2232 1560 2314 peritura
1611 2231 1801 2295 vidit:

706 2315 939 2381 Videre
968 2317 1179 2379 Raetis
1206 2316 1364 2380 bella
1393 2317 1502 2380 sub
1533 2315 1794 2400 Alpibus

706 2401 975 2468 Drusum
1003 2408 1311 2484 gerentem
1342 2402 1645 2466 Vindelici
1671 2402 1996 2490 3-quibus

789 2487 927 2552 Mos
956 2488 1116 2550 unde
1148 2487 1444 2552 deductus
1473 2509 1582 2571 per
1607 2509 1784 2552 omne

879 2575 1139 2656 Tempus
1168 2573 1498 2636 Amazonia
1525 2574 1723 2636 securi

708 2656 972 2722 Dextras
1000 2659 1269 2721 obarmet
1320 2679 1612 2741 quaerere
1645 2657 1874 2739 distuli,

706 2743 772 2808 N
774 2763 843 2808 ec
874 2745 1027 2808 scire
1055 2744 1149 2806 fas
1178 2750 1273 2807 est
1299 2743 1496 2806 omnia
1522 2743 1748 2818 3——sed
1775 2743 1884 2806 diu

790 2828 1064 2912 Lateque
1094 2829 1374 2892 victrices
1405 2835 1683 2892 catervae

883 2912 1157 2978 Consiliis
1176 2914 1417 2998 juvenis
1446 2913 1709 2977 revictae

710 2996 969 3063 Sensere
1022 2999 1168 3082 quid
1194 3021 1362 3062 mens
1395 3000 1532 3078 rite,
1556 3000 1698 3082 quid
1720 2997 1949 3064 indoles

712 3083 775 3149 N
778 3086 965 3148 utrita
991 3085 1202 3148 faustis
1231 3085 1342 3148 sub
1371 3085 1775 3168 penetralibus

793 3170 1031 3248 Posset,
1062 3170 1207 3252 quid
1235 3170 1502 3252 Augusti
1532 3179 1818 3252 paternus

884 3255 961 3318 In
993 3277 1211 3337 pueros
1240 3257 1472 3318 animus
1501 3256 1799 3319 Nerones.

605 3344 609 3349 ’
696 3338 928 3402 -Fortes
958 3347 1241 3403 creantur
1272 3341 1522 3404 fortibus
1552 3350 1616 3404 et
1643 3341 1810 3404 bonis
1837 3359 1856 3416 3

714 3425 829 3488 Est
857 3425 919 3488 in
940 3425 1239 3508 juvenci&
1270 3434 1364 3489 est
1385 3427 1446 3488 in
1477 3427 1646 3509 equis
1689 3434 1928 3510 patrum

800 3509 1037 3589 Virtus,
1067 3532 1263 3593 neque
1292 3511 1591 3574 imbellem
1621 3512 1852 3574 feroces

889 3597 1305 3678 Progenerant
1332 3598 1568 3680 aquilae
1599 3596 1972 3660 columbamt

714 3677 1009 3746 Doctrina
1036 3681 1143 3744 sed
1175 3682 1295 3745 vim
1324 3687 1632 3764 promovet
1657 3681 1918 3761 insitam,

720 3765 1021 3850 Rectique
1052 3768 1249 3831 cultus
1278 3775 1525 3851 pectora
1548 3767 1876 3845 roborant3

2265 273 2348 343 87

2287 1740 2346 1790 10

2291 2163 2352 2212 15
