2675 4409
328 181 413 246 ⁷6

1200 187 1550 235 GARMLNUM

988 511 1444 578 OARMEN
1499 511 1754 578 XXV.

763 854 900 932 QUO
929 878 1049 935 me,
1078 855 1347 934 Bacche,
1379 854 1538 939 rapis
1569 855 1660 917 tui

670 942 973 1008 Plenum?
1020 963 1175 1025 quae
1206 943 1452 1004 nemora
1480 948 1586 1003 aut
1619 962 1768 1024 quos
1798 963 1947 1026 agor
1973 941 2038 1006 in
2065 963 2282 1028 specus

761 1028 961 1093 Velox
987 1035 1188 1090 mente
1220 1047 1376 1090 nova
1393 1025 1434 1088 ἲ.
1467 1027 1682 1108 quibus

671 1113 887 1180 Antris
916 1112 1147 1196 egregii
1180 1111 1458 1176 Caesaris
1489 1112 1702 1176 audiar

756 1199 1095 1263 Aeternum
1124 1199 1422 1262 meditans
1451 1197 1637 1261 decus
2383 1219 2420 1268 5

675 1285 885 1351 Stellis
914 1285 1180 1348 inserere
1213 1292 1276 1348 et
1305 1283 1546 1347 consilio
1574 1283 1619 1347 J
1622 1281 1795 1347 ovis?

761 1372 977 1434 Dicam
1005 1371 1239 1452 insigne
1293 1390 1507 1432 recens
1559 1369 1756 1433 adhuc

669 1456 975 1522 Indictum
1008 1477 1109 1518 ore
1140 1455 1275 1518 alio,
1368 1454 1433 1516 N
1434 1476 1510 1517 on
1537 1475 1713 1520 secus
1739 1455 1803 1519 in
1821 1455 1989 1540 jugis

762 1540 1076 1604 Exsomnis
1106 1545 1311 1622 stupet
1341 1538 1527 1602 Euias

674 1626 956 1690 Hebrum
985 1623 1351 1708 prospiciens
1381 1632 1445 1687 et
1473 1624 1608 1688 nive
1640 1625 1957 1692 candidam
2348 1647 2414 1696 ιο

767 1711 1045 1773 Thracen
1075 1730 1145 1774 ac
1177 1709 1331 1793 pede
1362 1709 1615 1774 barbaro

662 1796 1019 1862 Lustratam
1048 1795 1406 1880 Rhodopen,
1435 1803 1506 1858 ut
1532 1796 1680 1860 mihi
1708 1796 1886 1863 devio

761 1881 949 1965 Ripa-s
980 1887 1043 1944 et
1071 1902 1329 1944 vacuum
1357 1903 1568 1945 nemus

673 1965 891 2031 Mirari
919 1967 1087 2030 libet.
1181 1965 1235 2030 Ο
1266 1967 1574 2030 Naiadum
1598 1974 1811 2051 potens

761 2052 1259 2136 Baccharumque
1290 2053 1618 2128 valentium
2350 2073 2420 2122 15

674 2137 971 2203 Proceras
1002 2140 1273 2201 manibus
1302 2145 1542 2201 vertere
1573 2137 1856 2223 fraxinos,

758 2224 865 2286 Nil
895 2245 1148 2308 parvum
1178 2230 1284 2288 aut
1311 2224 1520 2286 humili
1548 2224 1746 2303 mod0‚

674 2309 785 2374 Nil
810 2310 1061 2372 mortale
1090 2310 1323 2392 loquar.
1413 2307 1610 2375 Dulce
1639 2309 1974 2394 periculum
2003 2313 2120 2392 est,

763 2392 817 2457 O
851 2394 1114 2470 Lenaee,
1144 2393 1317 2476 sequi
1349 2391 1530 2456 deum

675 2476 1034 2564 Cingentem
1062 2479 1239 2542 viridi
1269 2485 1542 2563 tempora
1567 2477 1869 2564 pampino.
2353 2500 2422 2550 20

953 2907 1412 2976 CARMEN
1471 2905 1798 2972 XXVI.

670 3250 841 3315 VIX1
870 3245 1084 3332 puellis
1114 3269 1309 3332 nuper
1337 3246 1588 3309 idoneus

672 3337 758 3399 Et
788 3334 1038 3398 militavi
1067 3355 1185 3396 non
1214 3334 1343 3396 sine
1375 3332 1599 3415 gloria3

757 3417 823 3482 N
825 3439 941 3482 unc
973 3439 1141 3482 arma
1172 3418 1643 3501 defunctumque
1671 3417 1830 3484 bello

843 3504 1133 3567 Barbiton
1156 3505 1254 3568 hic
1286 3504 1484 3588 paries
1512 3505 1777 3584 habebit,

672 3588 941 3652 Laevum
973 3590 1239 3654 marinae
1270 3591 1377 3674 qui
1405 3589 1664 3654 Veneris
1693 3593 1853 3658 latus
2378 3614 2412 3665 a

677 3675 971 3740 Custodit.
1062 3675 1183 3740 Hic
1237 3678 1335 3740 hic
1368 3676 1572 3762 pon-ite
1603 3678 1806 3742 lucida
