2675 4409
965 284 1094 340 ΜΒ.
1137 284 1212 333 11.
1257 284 1392 334 sAr.
1437 284 1528 333 v1.
2165 272 2295 341 173

199 442 464 507 Orabant
490 441 668 507 hodie
699 439 1096 520 meminisses,
1127 438 1377 521 Quinte,
1406 439 1699 505 reverti.'’

195 534 230 567 ‘⁶
255 530 572 621 Imprjgiat
600 529 694 592 his
726 518 1235 591 cueraecenas
1265 528 1441 611 signa
1472 525 1787 592 tabellis.”·

191 602 451 696 Dixeivss,
485 622 524 653 ‘⁶
551 616 883 700 Experiar:
913 615 954 645 '’
1011 619 1052 699 ‘f
1075 613 1142 703 Si
1174 614 1260 677 vis
1356 614 1554 693 oteS‚''
1589 615 1760 678 addit
1789 620 1853 679 et
1880 614 2089 686 instat.

195 702 498 787 Septimus
528 712 742 766 octavo
773 701 1014 785 propior
1033 698 1167 785 jam
1195 701 1261 763 fu
1345 701 1425 763 rit
1454 720 1648 765 annus
1904 736 1912 744 =
2223 726 2288 775 4⁰

191 788 280 853 Ex
309 812 431 875 quo
463 787 798 852 Maecenas
827 810 922 851 me
955 788 1154 871 coepit
1183 784 1411 851 habere
1444 808 1689 851 suorum

189 877 260 939 In
287 898 545 939 numero
571 896 588 951 ;
637 876 956 938 dumtaxat
987 874 1066 937 ad
1093 875 1233 953 hoc,
1264 896 1445 959 quem
1479 876 1689 938 tollere
1722 873 1914 939 rheda

187 962 392 1027 Vellet
423 963 546 1025 iter
572 962 804 1025 faciens
835 961 1026 1024 et'cui
1057 961 1427 1024 concredere
1457 982 1653 1044 nugas

187 1048 318 1113 Hoc
349 1042 583 1131 genus:
617 1053 658 1085 “
681 1049 856 1112 Hora
885 1055 1070 1131 quota
1099 1046 1236 1110 est?
1311 1048 1517 1111 Thrax
1548 1056 1643 1111 est
1666 1046 1908 1113 Gallina.
1940 1046 2098 1135 Syro
2126 1050 2287 1137 par?

184 1134 494 1199 Matutina
522 1156 737 1219 parum
767 1144 976 1198 cautos
996 1135 1126 1219 jam
1156 1134 1384 1217 frigora
1413 1135 1691 1199 mordent
1706 1156 1726 1214 ;
1747 1134 1788 1167 ’'
2224 1158 2288 1207 45

185 1220 266 1285 Et
292 1244 454 1307 quae
487 1221 708 1285 rimosa
734 1222 890 1285 bene
922 1221 1306 1305 deponuntur
1333 1221 1398 1283 in
1429 1242 1595 1285 aure.

185 1307 302 1371 Per
333 1316 532 1371 totum
562 1307 675 1372 hoc
709 1315 946 1391 tempus
976 1308 1303 1393 subjectior
1327 1307 1395 1370 in
1427 1308 1589 1371 diem
1622 1306 1922 1372 ethoram

187 1393 460 1459 Invidiae
491 1401 722 1458 noster.
775 1393 1022 1457 ·Ludos
1051 1401 1439 1478 spectaverat
1467 1415 1611 1475 una,

185 1479 447 1545 Luserat
476 1482 541 1545 in
574 1480 842 1565 Campo:
890 1480 1198 1545 Fortunae
1226 1480 1427 1570 iilius!
1477 1502 1704 1547 omnes.

184 1566 468 1651 Frigidus
499 1589 540 1630 a
568 1568 805 1631 Rostris
835 1575 1042 1631 manat
1071 1589 1183 1651 per
1213 1561 1475 1652 coriip'i'fai
1504 1589 1743 1632 rumor:
2221 1587 2285 1639 50

187 1653 548 1741 Quicunque
580 1654 788 1735 obvius
820 1662 914 1717 est
941 1658 1040 1717 me
1073 1655 1372 1717 consulit:
1422 1661 1461 1695 “
1485 1654 1539 1719 O
1572 1656 1749 1734 bone,
1778 1674 1921 1718 nam
1951 1658 2013 1718 te

188 1738 351 1804 Scire
385 1742 536 1804 deos
568 1742 848 1824 quoniam
878 1741 1124 1825 propius
1156 1740 1453 1820 contingis
1484 1740 1759 1826 oportet3

184 1825 500 1912 Numquid
531 1828 606 1891 de
640 1828 826 1891 Dacis
856 1827 1079 1891 audisti
1101 1826 1126 1890 ’ἓ
1145 1828 1185 1859 ”
1278 1833 1318 1865 “
1338 1828 1445 1891 Nil
1476 1826 1823 1913 equidem.''
1912 1830 1955 1865 “
1978 1826 2071 1892 Ut
2099 1834 2168 1893 tu

186 1911 440 1998 Semper
473 1915 592 1977 eris
623 1914 894 1980 derisor!
919 1914 958 1943 ''
1052 1918 1094 1951 “
1117 1913 1210 1977 At
1239 1935 1445 1979 omnes
1477 1915 1538 1978 di
1569 1915 1880 1997 exagitent
1907 1935 2004 1977 me

188 1998 248 2062 Si
277 1999 679 2085 quidquam.’'
771 2006 812 2039 “
835 1999 1021 2078 Quid,
1051 2000 1340 2064 militibus
1373 2002 1663 2085 promissa
1692 1990 2017 2087 Triquetra
2217 2018 2283 2069 55

183 2086 444 2152 Praedia
479 2089 706 2152 Caesar
731 2108 810 2151 an
839 2095 935 2150 est
965 2086 1126 2151 Itala
1157 2089 1374 2154 tellure
1409 2088 1660 2155 daturus
1687 2087 1777 2152 ?''

60 2228 62 2231 ,
182 2171 222 2235 J
226 2182 504 2239 urantem
531 2196 630 2237 me
661 2173 816 2237 scire
847 2174 995 2247 nihil
1025 2174 1322 2240 mirantur
1353 2182 1421 2238 ut
1450 2197 1637 2242 unum

186 2258 430 2326 Scilicet
459 2261 694 2345 egregii
721 2261 1034 2324 mortalem
1064 2261 1290 2345 altique
1322 2261 1543 2325 silenti.

183 2345 474 2412 Perditur
500 2350 654 2411 haec
683 2347 847 2410 inter
872 2348 1092 2410 misero
1121 2348 1226 2410 lux
1257 2370 1378 2411 non
1407 2349 1535 2411 sine
1568 2349 1759 2415 votis:

188 2432 236 2496 Ο
265 2456 393 2515 rus,
428 2426 678 2519 qffando
708 2450 832 2517 ego'
852 2441 914 2497 te
946 2433 1276 2518 adspiciam
1303 2433 1329 2499 ‘2
1377 2431 1739 2521 quandoque
1768 2432 1975 2498 licebit
2214 2452 2281 2505 ω

184 2518 358 2586 Nunc
392 2530 672 2585 veterum
701 2520 891 2603 libris,
921 2542 1084 2586 nunc
1115 2542 1318 2585 somno
1352 2527 1416 2585 et
1442 2522 1739 2587 inertibus
1773 2519 1935 2585 horis

62 2670 64 2675 .
184 2604 422 2672 Ducere
457 2607 748 2671 sollicitae
769 2606 1048 2691 jucunda
1077 2608 1294 2673 oblivia
1324 2606 1533 2671 vitae?

188 2690 237 2755 Ο
267 2693 512 2778 quando
543 2694 701 2757 faba*
713 2693 1101 2777 Pythagorae
1134 2700 1396 2778 cognata
1424 2694 1724 2777 simulque

185 2776 386 2845 Uncta
414 2781 564 2845 satis
594 2780 806 2864 pingui
835 2787 1137 2867 ponentur
1165 2781 1438 2844 oluscula
1466 2780 1635 2843 lardo
1658 2778 1685 2843 ‘3

189 2862 239 2927 Ο
269 2876 477 2931 noctes
508 2858 853 2950 coenaeque
886 2862 1105 2932 deum!
1155 2867 1374 2952 quibus
1402 2868 1531 2953 ipse
1560 2866 1799 2953 meique
2213 2884 2280 2935 (25

187 2950 344 3017 Ante
377 2954 601 3017 Larem
630 2953 936 3037 proprium
966 2974 1179 3017 vescor
1210 2976 1548 3038 vernasque
1582 2973 1867 3037 procaces
2215 2954 2225 2966 “’

188 3037 371 3103 Pasce
399 3040 604 3103 libatis
635 3018 986 3135 dapibus->K
1005 3040 1199 3103 Prout
1231 3042 1449 3124 cuique
1482 3040 1664 3104 libido
1695 3048 1791 3105 est

191 3122 387 3190 Siccat
415 3127 766 3209 inaequales
796 3126 1016 3190 calices
1048 3127 1322 3204 conviva,
1356 3127 1585 3189 solutus

187 3208 444 3295 Legibus
472 3214 718 3291 insaniS‚
750 3234 858 3275 seu
888 3214 1022 3297 quis
1054 3214 1216 3297 capit
1247 3214 1413 3276 acria
1442 3214 1612 3278 fortis

187 3295 408 3362 Pocula
439 3314 550 3362 seu
580 3299 828 3361 modicis
861 3300 1096 3363 uvescit
1126 3299 1361 3362 laetius,
1451 3300 1619 3383 Ergo
2213 3322 2278 3371 ⁷⁰

195 3381 393 3448 Sermo
427 3386 639 3464 oritur,
669 3408 788 3448 non
821 3386 896 3448 de
930 3387 1084 3449 villis
1116 3386 1464 3451 domibusve
1494 3388 1729 3467 alieni-²3,

187 3466 314 3534 Nec
345 3473 504 3535 male
536 3493 728 3535 necne
761 3471 959 3555 Lepos
990 3473 1211 3549 s'altet3
1257 3472 1368 3535 sed
1398 3473 1559 3556 quod
1590 3474 1783 3555 magis
1814 3470 1893 3535 ad
1922 3492 2049 3537 nos¹

187 3554 458 3620 Pertinet
482 3565 546 3619 et
574 3558 808 3621 nescire
839 3560 1063 3621 malum
1088 3567 1183 3622 est
1213 3560 1550 3641 agitamus:
1597 3568 1879 3622 utrumne

185 3639 420 3707 Divitiis
449 3644 719 3707 homines
749 3666 828 3707 an
858 3646 979 3718 sint
1008 3646 1232 3711 virtute
1271 3646 1435 3709 beati
1462 3666 1480 3721 3

188 3725 416 3801 Quidve
447 3728 526 3793 ad
561 3730 877 3811 amicitias,
907 3729 1052 3797 usus
1082 3736 1423 3811 rectumne,
1455 3729 1658 3796 trahat
1685 3752 1794 3794 nos
1820 3750 1841 3808 ;
1943 3804 1949 3815 ²
2206 3742 2279 3797 7⁸

162 3811 262 3880 ·Et
288 3838 448 3903 quae
476 3816 556 3883 sit
583 3824 804 3883 natura
830 3810 996 3967 bpgi‘
1001 3839 1420 3904 summumque
1452 3816 1600 3903 quid
1632 3818 1780 3902 ejus.

946 3994 980 4032 V
997 4000 1003 4007 ’
1029 4000 1042 4007 ’
1063 3977 1241 4039 ω),“·ι;(
