2675 4409
330 269 412 335 78

1196 286 1544 334 CARMINUM

754 440 966 506 Beluis
1014 445 1263 526 pontum
1292 441 1639 526 mediasque
1669 441 1915 508 fraudes

1098 526 1323 590 Palluit
1351 528 1570 590 audax.

752 607 973 696 Nuper
996 612 1061 675 in
1091 611 1279 697 pratis
1308 613 1576 677 studiosa
1601 615 1814 676 florum
1843 620 1910 679 et

752 697 1011 762 Debitae
1040 698 1342 782 Nymphis
1367 693 1566 782 opifex
1595 720 1848 764 coronae

754 782 954 848 Nocte
985 785 1269 848 sublustri
1297 784 1445 846 nihil
1473 791 1638 848 astra
1670 793 1916 870 praeter

1094 869 1270 934 Vidit
1298 876 1364 931 et
1389 870 1603 934 undas·

758 952 931 1041 Quae
962 953 1136 1018 simul
1166 961 1409 1017 centum
1439 956 1640 1038 tetigit
1669 961 1980 1039 potentem

756 1037 815 1102 Ο
843 1033 1013 1138 pidis
1045 1039 1303 1103 Creten·
1354 1041 1565 1120 Pater,
1597 1064 1630 1104 o
1659 1041 1937 1107 relictum

752 1123 867 1190 F‘
874 1147 945 1188 ae
975 1146 1191 1188 nomen
1219 1126 1555 1209 pietasque,
1587 1127 1760 1209 dixit,

1097 1210 1285 1275 Victa
1312 1211 1551 1276 furore.
1536 1211 1549 1258 ἲ

753 1293 940 1360 Unde
968 1299 1089 1381 quo
1119 1297 1305 1360 veni.
1282 1296 1309 1344 ’θ
1399 1297 1580 1360 Levis
1610 1313 1733 1360 una
1759 1315 1917 1361 mors
1947 1304 2039 1362 est

755 1381 1080 1465 Virginum
1112 1384 1346 1466 culpae.
1436 1382 1792 1465 vigilansne
1824 1385 1992 1467 ploro

754 1466 958 1552 Turpe
989 1469 1387 1546 commissum,
1411 1487 1488 1530 an
1520 1468 1676 1532 vitiis
1706 1475 2013 1533 carentem

1094 1551 1323 1616 Ludit
1306 1573 1504 1634 unago

749 1634 933 1699 Vana
980 1656 1135 1718 quae
1166 1643 1340 1720 porta
1367 1637 1606 1719 fugiens
1634 1606 1866 1702 eburna
1943 1651 1952 1658 ’

757 1719 1065 1785 Somnium
1094 1721 1308 1785 duci-t?
1397 1721 1696 1787 Meliusne
1725 1725 1950 1788 fluctus·

749 1805 854 1870 Ire
884 1828 995 1892 per
1020 1808 1227 1890 longos
1256 1808 1374 1870 fuit
1425 1829 1503 1872 an
1532 1816 1808 1874 recentes

1094 1892 1359 1978 Carpere
1387 1895 1606 1958 flores,
1581 1893 1614 1940 ⁴?

753 1975 821 2042 Si
848 1977 999 2078 quis·
1011 1977 1295 2042 infamem
1322 1980 1467 2042 mihi
1496 2001 1658 2044 nune
1677 1980 2008 2064 juvencum

748 2061 955 2128 Dedat
981 2064 1172 2128 iratae
1224 2066 1496 2129 lacerare
1527 2067 1686 2128 ferro
1717 2073 1782 2128 et

750 2149 1061 2234 Frangere
1092 2151 1287 2214 enitar
1316 2151 1491 2216 modo
1519 2151 1774 2214 multum
1801 2150 1987 2215 amati

1060 2235 1337 2300 Cornua
1363 2237 1630 2300 monstri.

745 2321 1076 2406 Impudens
1104 2321 1253 2404 liqui
1280 2322 1506 2405 patrios
1535 2321 1821 2401 PenateS‚

744 2406 1075 2504 Impudens
1104 2405 1334 2470 Orcum
1361 2428 1578 2470 moror.
1669 2407 1726 2472 O
1757 2407 2010 2470 deorum

748 2489 819 2557 Si
848 2491 982 2575 quis
1010 2491 1162 2554 haec
1193 2491 1389 2570 audis,
1417 2492 1649 2554 utinam
1676 2493 1838 2556 inter
1865 2511 2064 2556 errem

1086 2575 1275 2640 Nuda
1300 2576 1542 2642 leones!

744 2660 1096 2746 Antequam
1124 2663 1317 2748 turpis
1345 2663 1570 2727 macies
1601 2662 1889 2726 decentes

746 2747 1025 2833 Occupet
1052 2750 1262 2830 malas,
1293 2755 1660 2834 teneraeque
1688 2768 1872 2812 sucus

738 2835 988 2900 Defluat
1014 2836 1301 2920 praedae,
1330 2837 1602 2921 speciosa
1629 2855 1856 2918 quaero

1083 2923 1346 2984 Pascere
1375 2922 1582 3004 tigres·

739 3004 900 3070 Vilis
930 3004 1195 3090 Europe,
1224 3014 1403 3090 pater
1429 3011 1610 3086 urget
1637 3003 1900 3066 absens.

745 3090 907 3164 Quid
936 3091 1085 3154 mori
1114 3113 1355 3154 cessae.
1334 3090 1362 3136 ⁴?
1450 3090 1634 3151 Potes
1661 3089 1778 3150 hac
1803 3088 1880 3151 ab
1907 3108 2056 3151 orno

744 3177 1085 3241 Pendulum
1114 3197 1262 3237 zona
1288 3175 1443 3236 bene
1478 3180 1538 3235 te
1569 3179 1779 3235 secuta

1084 3259 1357 3321 Laedere
1389 3259 1627 3320 collum.

746 3343 889 3410 Sive
918 3349 982 3406 te
1010 3365 1192 3426 rupee
1222 3351 1285 3406 et
1314 3351 1496 3406 acuta
1515 3345 1636 3405 leto

748 3429 912 3495 Saxa
940 3429 1245 3492 delectant
1296 3449 1410 3512 age
1463 3435 1525 3491 te
1555 3429 1854 3513 procellae

744 3515 942 3580 Crede
972 3515 1304 3596 veloci,nisi
1332 3515 1519 3578 herile
1550 3515 1740 3578 mavis

1085 3598 1350 3700 Carpere
1379 3623 1629 3685 pensum
1723 3663 1735 3670 ,

746 3685 977 3770 Regius
1006 3687 1249 3770 sanguis
1300 3687 1694 3770 dominaeque
1721 3681 1884 3746 tradi

742 3773 1051 3840 Barbarae
1081 3774 1279 3860 pellex
1283 3772 1628 3837 e-Aderat
1655 3767 1934 3855 querenti

2339 1577 2407 1628 40

2335 2003 2402 2053 ⁴5
