2675 4409
364 248 451 315 11

1234 269 1583 317 CARMINUM

874 422 1183 486 Interfusa
1209 422 1474 487 nitentes

967 508 1146 573 Vites
1175 529 1441 593 aequora
1470 482 1869 611 ΟῙΟῙεᾱαεΔ

1352 634 1450 713 λ’

1040 938 1511 1007 ΟΑΒΜΕΝ
1572 940 1746 1007 XV.

699 1285 960 1350 PASTOR
1004 1300 1144 1344 cum
1187 1282 1463 1346 traheret
1500 1302 1613 1367 per
1644 1283 1803 1347 freta
1828 1284 2079 1350 navibus

701 1371 906 1436 Idaeis
935 1368 1217 1432 Helenen
1245 1368 1509 1452 perfidus
1533 1370 1854 1469 hospitam,

703 1456 956 1537 Ingrato
986 1455 1216 1517 celeres
1244 1454 1441 1516 obruit
1469 1454 1589 1519 otio

788 1541 1025 1605 Ventos
1077 1545 1147 1601 ut
1177 1546 1422 1601 caneret
1450 1540 1580 1603 fera

699 1623 942 1688 Nereus
972 1623 1138 1685 fata:
1183 1622 1353 1685 Mala
1381 1623 1550 1686 ducis
1580 1623 1677 1686 avi
1706 1623 1947 1689 domum

705 1709 902 1782 Quam
930 1709 1115 1771 multo
1144 1714 1381 1791 repetet
1412 1706 1671 1772 Graecia
1698 1710 1907 1791 milite,

705 1793 1034 1877 Conjurata
1063 1800 1198 1855 tuas
1228 1814 1507 1875 rumpere
1537 1794 1777 1877 nuptias

789 1881 874 1943 Et
903 1900 1156 1962 regnum
1186 1879 1411 1941 Priami
1440 1886 1633 1943 vetus.

702 1964 850 2029 Heu
900 1966 1023 2027 heu
1075 1973 1342 2047 quantus
1382 1964 1579 2049 equiS,
1622 1970 1882 2049 quantus
1911 1965 2085 2030 adest
2114 1966 2253 2031 viris

703 2050 942 2116 Sudor!
989 2057 1217 2134 quanta
1243 2072 1447 2114 moves
1475 2052 1691 2117 funera
1718 2050 2043 2115 Dardanae

703 2135 930 2202 Genti!
1018 2135 1063 2200 J
1067 2157 1162 2199 am
1185 2137 1420 2219 galeam
1450 2137 1653 2200 Pallas
1683 2144 1746 2201 et
1773 2137 1991 2221 aegida

789 2221 1134 2305 Currusque
1167 2229 1229 2284 et
1257 2222 1485 2285 rabiem
1513 2230 1713 2307 parat..

699 2306 767 2371 N
769 2329 1125 2391 eqmcquam
1176 2307 1438 2371 Veneris
1468 2309 1765 2392 praesidio
1793 2309 1964 2371 ferox

699 2391 921 2456 Pectes
953 2392 1277 2455 caesariem
1331 2400 1629 2476 grataque
1658 2392 1893 2456 feminis

702 2476 942 2541 Imbelli
971 2480 1201 2541 cithara
1231 2479 1497 2541 carmina
1525 2478 1795 2542 divides·
1778 2526 1796 2559 ,

783 2564 848 2627 N
851 2586 1205 2648 equicquam
1239 2565 1497 2627 thalamo
1532 2586 1748 2647 graves

697 2648 928 2714 Hastas
960 2658 1022 2713 et
1051 2650 1264 2713 calami
1293 2652 1524 2734 spicula
1554 2649 1787 2715 Cnossii

695 2734 937 2801 Vitabis
990 2737 1426 2821 strepitumque
1481 2742 1545 2799 et
1574 2738 1833 2801 celerem
1862 2724 2033 2823 sequi

695 2821 992 2908 Ajacem3
1039 2830 1241 2885 tamen
1268 2824 1390 2886 heu
1418 2844 1588 2887 serus
1620 2823 1925 2887 adulteros

786 2908 998 2971 Crines
1028 2910 1275 2989 pulvere
1305 2910 1569 2971 collineS.

692 2991 837 3056 Non
867 2992 1254 3070 Laertiaden,
1287 2993 1532 3055 exitium
1561 2998 1702 3053 tuae

699 3077 905 3156 Genti,
934 3098 1054 3138 non
1083 3077 1324 3161 Pylium
1355 3076 1619 3139 Nestora
1647 3074 1893 3159 respicis
1918 3074 1947 3139 ’ἰ

698 3163 941 3242 Urgent
969 3162 1251 3244 impavidi
1285 3169 1347 3223 te
1382 3160 1739 3224 Salaminius

781 3248 1016 3310 Teucer
1069 3254 1132 3309 et
1164 3246 1485 3309 Sthenelus
1516 3246 1711 3309 sciens

696 3332 974 3415 Pugnae,
1005 3332 1129 3395 sive
1161 3353 1308 3415 opus
1338 3339 1433 3394 est
1461 3332 1801 3414 imperitare
1834 3332 2004 3415 equis

695 3416 839 3480 Non
871 3418 1081 3500 auriga
1109 3418 1322 3500 piger;
1392 3417 1709 3480 Merionen
1737 3439 1976 3502 quoque

695 3503 951 3567 Nosces·
1003 3472 1205 3566 e>Ecce
1235 3503 1382 3565 furit
1410 3510 1471 3567 te
1502 3504 1768 3587 reperire
1800 3511 1973 3605 atrox

783 3588 1050 3673 Tydides
1103 3589 1310 3657 melior
1337 3596 1533 3689 patre,

695 3673 892 3746 Quem
921 3681 990 3738 tu
1042 3694 1257 3739 cervus
1285 3675 1377 3737 uti
1410 3675 1622 3739 vallis
1606 3698 1670 3738 m
1700 3676 1905 3761 altera

696 3760 913 3826 Visum
941 3768 1113 3847 parte
1143 3762 1353 3847 lupum
1382 3761 1665 3845 graminis
1692 3754 2001 3825 immemor
2046 3780 2057 3790 “

2377 2074 2442 2122 10

2376 2496 2439 2547 15
