2675 4409
9 1423 28 1674 ..v-v-
11 1325 16 1364 *
9 1143 20 1264 .-Ἷ.,
11 1025 15 1046 -
11 857 14 884 -.

16 3602 18 3605 ’
13 3579 17 3590 ’
12 3397 34 3500 x&

1085 280 1207 360 Ans
1251 268 1541 329 rosmari.

265 376 587 500 Debemui·
614 434 793 499 morti
821 453 929 499 nos
954 442 1320 520 nostraque:
1373 436 1499 499 sive
1528 440 1811 520 receptus

266 522 470 585 Terra
498 522 824 605 Neptunus
853 522 1073 585 classes
1100 521 1477 607 aquilonibus
1507 528 1696 601 arcet,

265 608 467 690 Regis
497 628 668 691 opus,
699 607 994 671 sterilisve
1039 608 1146 672 diu
1201 608 1375 691 palus
1406 613 1665 691 aptaque
1696 606 1878 670 remis

265 692 528 757 'Vicinas
557 693 737 756 urbes
767 692 876 755 alit
905 700 969 755 et
996 714 1180 775 grave
1212 693 1397 756 sentit
1426 700 1715 771 aratrum,

271 777 406 841 Seu
437 800 678 843 cursum
708 778 964 841 mutavit
990 778 1258 862 iniquum
1285 778 1560 861 frugibus
1590 776 1779 841 amnis

267 863 507 928 Doctus
535 865 654 927 iter
682 864 916 943 melius,
945 861 1413 949 mortaliaNfacta
1442 863 1747 947 peribunt,

267 948 522 1013 Nedum
547 970 888 1014 sermonum
915 934 1038 1013 stet
1055 937 1251 1013 ‘honos
1273 950 1347 1012 xet
1374 948 1571 1031 gratia
1598 948 1796 1011 vivax.

267 1032 474 1099 Multa
507 1042 899 1099 renascentur
927 1056 1082 1118 quae
1103 1036 1233 1119 jam
1263 1033 1560 1113 cecidere,
1590 1033 1931 1117 cadentque

270 1119 445 1193 Quae
475 1142 636 1185 nunc
666 1127 808 1184 sunt
835 1120 898 1183 in
925 1121 1148 1184 honore
1179 1120 1489 1199 vocabula,
1520 1119 1570 1183 si
1601 1120 1761 1183 volet
1787 1138 1954 1196 usus,

271 1205 468 1277 Quem
495 1228 679 1290 penes
710 1205 1020 1270 arbitrium
1050 1213 1145 1269 est
1173 1212 1238 1268 et
1253 1206 1359 1290 jus
1390 1212 1453 1268 et
1479 1226 1687 1267 norma
1713 1203 2048 1287 loquendi.i

267 1289 400 1355 Res
443 1298 655 1375 gestae
699 1312 1036 1377 regumque
1082 1290 1429 1374 ducumque
1474 1295 1539 1351 et
1574 1288 1772 1353 tristia
1798 1290 1959 1354 bella

271 1373 407 1447 Quo
437 1376 616 1438 scribi
643 1383 888 1459 possent
913 1397 1187 1455 numero,
1217 1375 1571 1438 monstravit
1599 1374 1922 1440 Homerus.

269 1460 566 1525 'Versibus
593 1461 902 1545 impariter
919 1462 1149 1545 junctis
1180 1460 1549 1544 querimonia
1576 1460 1869 1562 primum,

171 1626 178 1632 p
271 1544 420 1608 Post
449 1545 630 1610 etiam
657 1547 888 1611 inclusa
917 1554 1012 1610 est
1038 1547 1160 1611 voti
1189 1546 1487 1610 sententia
1516 1566 1753 1630 compos
1778 1566 1797 1624 ;

271 1629 422 1704 Quis
453 1638 654 1695 tamen
684 1632 928 1715 exiguos
959 1633 1160 1714 elegos
1191 1632 1457 1696 emiserit
1485 1638 1718 1711 auctor,

273 1716 662 1781 Grammatici
693 1725 928 1782 certant
957 1725 1021 1781 et
1049 1718 1245 1781 adhuc
1278 1719 1389 1782 sub
1408 1718 1617 1803 judice
1646 1718 1719 1781 lis
1749 1724 1863 1783 est.

267 1802 697 1891 Archilochum
728 1804 966 1888 proprio
995 1804 1192 1867 rabies
1219 1804 1475 1867 armavit
1502 1803 1737 1867 iambo:

269 1887 456 1951 Hunc
486 1888 644 1952 socci
671 1897 890 1973 ’cepere
921 1889 1138 1973 pedem
1166 1889 1547 1973 grandesque
1577 1888 1875 1971 cothurni,

272 1974 543 2037 Alternis
573 1981 778 2059 aptum
807 1975 1176 2039 sermonibus
1206 1982 1269 2039 et
1299 1976 1615 2059 populares

275 2058 634 2123 Vincentem
657 2060 948 2155 strepitus
979 2067 1044 2123 et
1069 2067 1280 2126 natum
1307 2060 1487 2124 rebus
1518 2060 1787 2143 agendis.

273 2144 452 2209 Musa
482 2144 650 2209 dedit
675 2138 892 2214 fidibus
923 2134 1088 2210 divos
1117 2167 1453 2229 puerosque
1484 2145 1731 2209 deorum

271 2226 355 2293 Et
383 2231 644 2314 pugilem
674 2232 959 2295 victorem
989 2238 1052 2295 et
1082 2252 1302 2314 equum
1332 2231 1657 2295 certamine
1688 2231 1945 2315 primum

270 2316 355 2379 Et
373 2318 667 2401 juvenum
697 2338 872 2381 cui-'as
901 2325 964 2380 et
992 2318 1180 2380 libera
1211 2317 1351 2379 vina
1378 2316 1629 2379 referre.

269 2402 622 2486 Descriptas
652 2424 894 2466 servare
925 2403 1088 2467 vices
1117 2423 1483 2486 operumque
1516 2402 1743 2465 colores

273 2485 399 2550 Cur
427 2509 539 2569 ego
590 2488 642 2553 si
670 2509 905 2572 nequeo
937 2488 1265 2572 ignoroque
1318 2492 1503 2572 poe'ta
1530 2485 1810 2551 salutor?

273 2571 398 2636 Cur
425 2573 660 2637 nescire
715 2574 946 2658 pudens
975 2595 1160 2673 prave
1214 2595 1395 2658 quam
1421 2574 1653 2637 discere
1683 2568 1889 2635 malo?

269 2658 563 2722 Versibus
593 2660 808 2743 exponi
837 2660 1082 2742 tragicis
1111 2681 1209 2723 res
1239 2659 1467 2723 comica
1491 2680 1610 2721 non
1641 2658 1813 2733 vu1t;

269 2742 632 2826 Indignatur
659 2746 804 2808 item
833 2745 1078 2829 privatis
1108 2766 1178 2808 ac
1210 2766 1395 2830 prope
1426 2764 1601 2834 socco

269 2828 489 2910 Dignis
519 2831 872 2895 carminibus
900 2830 1133 2895 narrari
1163 2851 1351 2908 coena
1380 2827 1705 2923 Thyestae.

277 2912 530 2996 Singula
557 2926 830 3000 quaeque
857 2918 1054 2979 locum
1081 2923 1330 2979 teneant
1360 2915 1573 2979 sortita
1608 2914 1915 2979 decenter.
1998 2964 2004 2969 .

271 2998 587 3063 Interdum
616 3007 818 3067 tamen
848 3008 912 3065 et
941 3022 1148 3065 vocem
1178 3001 1485 3066 comoedia
1511 3000 1687 3081 tollit,

271 3084 592 3170 Iratusque
625 3086 914 3151 Chremes
943 3088 1170 3151 tumido
1202 3088 1479 3171 delitigat
1507 3108 1609 3150 ore
1636 3105 1654 3163 3

273 3170 356 3234 Et
385 3174 652 3259 tragicus
679 3174 1032 3257 plerumque
1065 3173 1227 3240 dolet
1254 3195 1527 3237 sermone
1557 3170 1862 3257 pedestri·

273 3256 570 3341 Telephus
601 3266 664 3322 et
692 3259 936 3339 Peleus,
966 3280 1104 3323 cum
1132 3280 1363 3343 pauper
1386 3267 1448 3322 et
1478 3260 1649 3323 exsul
1676 3266 1933 3341 uterque

275 3338 521 3426 Projicit
550 3344 842 3427 ampullas
873 3352 938 3407 et
967 3344 1407 3428 sesquipedalia
1438 3346 1643 3425 verba,

279 3426 344 3491 Si
371 3436 542 3495 curat
574 3450 677 3493 cor
699 3430 1025 3513 spectantis
1057 3430 1324 3513 tetigisse
1358 3432 1626 3515 querela.
1649 3415 1769 3526 fl...

273 3514 414 3578 Non
443 3515 587 3579 satis
618 3521 712 3579 est
740 3517 992 3599 pulchra
1017 3538 1150 3580 esse
1181 3522 1457 3601 poemata
1484 3536 1499 3589 3
1548 3513 1747 3577 dulcia
1774 3514 1955 3575 sunto

275 3598 358 3663 Et
407 3622 772 3685 quocunque
814 3604 1018 3665 volent
1067 3603 1326 3665 animum
1357 3599 1643 3664 auditoris
1674 3603 1919 3681 agunto.
1988 3612 2024 3644 ν’·

275 3684 364 3749 Ut
390 3685 722 3751 ridentibus
753 3688 1040 3766 arrident,
1071 3689 1158 3751 ita
1184 3688 1463 3751 flentibus
1486 3683 1706 3746 adsunt

275 3770 543 3836 Humani
573 3774 815 3838 vultus:
863 3776 916 3839 si
946 3776 1034 3838 vis
1063 3796 1157 3837 me
1187 3776 1331 3837 flere
1362 3769 1709 3835 dolendum
1746 3772 1841 3833 est

2236 268 2275 331 10

2280 267 2363 331 ἓξ

2292 630 2359 681 65

2290 1057 2357 1107 ⁷0

2256 3612 2351 3662 100
