2675 4409
933 299 1066 345 LIB.
1114 299 1162 344 Ι.
1211 297 1410 344 cARM.
1456 298 1692 345 XXXVI·

706 454 906 518 Aetas
932 452 959 517 ’ἓ
1004 452 1151 536 quid
1180 454 1473 516 intactum
1500 453 1721 517 nefasti

791 540 1104 621 Liquimus
1131 539 1158 602 ’.Ρ
1202 539 1364 601 unde
1394 560 1635 603 manum
1654 540 1945 623 juventus

617 625 799 697 Metu
828 625 1079 688 deorum
1109 623 1455 689 continuit?
1502 626 1717 708 quibus

621 711 910 795 Peperoit
939 712 1059 775 aris
1085 711 1112 774 ’.Ρ
1205 710 1258 774 Ο
1293 711 1522 773 utinam
1551 732 1709 775 nova

704 797 940 862 Incude
973 798 1247 880 diffingas
1276 808 1555 863 retusum
1579 797 1640 860 in

790 882 1173 967 Massagetas
1203 882 1564 967 Arabasque
1595 883 1823 946 ferrum
1788 864 1905 976 Δ

1217 1020 1324 1097 A(
1411 1124 1421 1133 .

853 1310 1315 1379 CARMEN
1374 1311 1785 1379 XXXVI.

702 1658 799 1723 Εἰ·
827 1658 1002 1722 thure
1033 1663 1098 1721 et
1123 1657 1344 1721 fidibus
1361 1658 1543 1743 juvat

616 1744 872 1809 Plaeare
901 1752 966 1808 et
993 1744 1165 1808 vituli
1195 1745 1489 1827 sanguine
1520 1741 1723 1809 debito

705 1829 1000 1899 Custodes
1030 1830 1336 1894 Numidae
1369 1829 1537 1910 deos,
1715 1842 1731 1853 “

616 1914 736 1992 Qui
763 1938 924 1981 nuno
955 1917 1259 2000 Hesperia
1288 1936 1494 2000 sospes
1524 1916 1601 1981 ab
1630 1914 1842 1981 ultima

703 1999 878 2066 Garis
905 2004 1098 2067 multa
1123 2003 1449 2082 sodalibus,

609 2086 782 2153 Nulli
810 2090 987 2173 plura
1015 2097 1220 2152 tamen
1273 2088 1491 2151 dividit
1518 2089 1725 2153 oscula

701 2173 899 2248 Quam
929 2176 1092 2253 dulei
1120 2174 1389 2255 Lamiae,
1416 2196 1647 2238 memor

612 2258 814 2325 Actae
844 2282 969 2323 non
1000 2260 1116 2324 alio
1144 2282 1289 2344 rege
1317 2262 1591 2345 puertiae

697 2346 1104 2430 Mutataeque
1135 2346 1308 2409 simul
1336 2355 1538 2431 togae.

616 2428 838 2496 Cressa
864 2454 942 2496 ne
975 2440 1184 2497 eareat
1213 2434 1467 2516 pulchra
1490 2432 1625 2497 'dies
1650 2438 1817 2515 nota,

697 2517 844 2582 Neu
873 2524 1183 2603 promptae
1213 2518 1429 2584 modus
1460 2520 1815 2606 amphorae,-

613 2600 761 2667 Neu
787 2626 1022 2668 morem·
1035 2606 1098 2668 in
1133 2604 1367 2669 Salium
1396 2605 1475 2668 sit
1502 2605 1744 2691 requies
1772 2603 2017 2690 pedum,

701 2689 844 2754 Neu
872 2691 1046 2754 multi
1075 2692 1347 2755 Damalis
1376 2692 1529 2754 meri

610 2774 869 2839 Bassum
903 2776 1185 2841 Threicia
1215 2778 1419 2841 vineat
1450 2774 1771 2861 amystide,

701 2862 844 2926 Neu
875 2862 1074 2926 desint
1104 2864 1298 2947 epulis
1328 2884 1525 2943 rosae,

616 2946 760 3010 Neu
790 2948 969 3013 vivax
999 2949 1222 3032 apium,
1253 2970 1375 3012 neu
1402 2950 1587 3013 breve
1615 2947 1826 3011 lilium.

703 3031 928 3097 Omnes
955 3034 1019 3098 in
1051 3035 1336 3099 Damalin
1368 3042 1574 3118 putres

613 3116 938 3202 Deponent
967 3121 1190 3200 oculos,
1219 3142 1334 3185 neo
1366 3122 1637 3185 Damalis
1663 3138 1819 3186 novo

699 3205 1039 3270 Divelletur
1069 3207 1346 3271 adultero

613 3288 884 3359 Lascivis
912 3292 1153 3360 hederis
1183 3292 1565 3357 ambitiosior.

879 3571 974 3659 3'0

2289 282 2373 347 29

2308 472 2373 525 35

2304 904 2369 955 ⁴0

2300 2454 2363 2505 10

2294 2878 2361 2928 15
