2675 4409
981 248 1113 294 LIB.
1157 248 1266 295 111.
1313 248 1506 295 GARM.
1559 250 1674 297 XX.

719 400 850 475 Quo
883 399 1101 464 Chium
1129 401 1321 485 pretio
1350 401 1569 467 cadum

631 484 1000 565 Mercemur,
1029 487 1166 569 quis
1195 509 1413 571 aquam
1442 494 1740 574 temperet
1765 489 2026 574 ignibus,

714 570 848 645 Quo
877 572 1204 655 praebente
1234 572 1475 637 domum
1504 581 1568 637 et
1596 582 1781 657 quota

625 656 896 740 Pelignis
926 678 1164 721 caream
1201 659 1543 741 frigoribus,
1572 666 1759 724 taces.

712 742 814 806 Da
839 743 1018 806 lunae
1048 764 1300 827 propere
1328 765 1543 821 novae,

625 826 728 891 Da
755 828 948 891 noctis
977 828 1232 908 mediae,
1263 828 1379 908 da,·
1397 851 1573 914 puer,
1602 832 1851 915 auguris

711 913 1043 977 Murenae:
1090 914 1282 977 tribus
1309 921 1419 978 aut
1446 936 1660 979 novem

626 996 966 1061 Miscentur
994 999 1228 1082 cyathis
1257 1002 1475 1083 pocula
1504 1002 1845 1067 commodis.
1924 1080 1931 1087 ,

711 1082 830 1157 Qui
859 1083 1070 1147 Musas
1099 1091 1264 1147 amat
1288 1084 1547 1168 impares

623 1168 850 1233 Temos
878 1175 976 1231 ter
1004 1170 1254 1252 cyathos
1283 1171 1570 1234 attonitus
1598 1179 1767 1255 petet

711 1253 906 1319 Vates
930 1274 949 1331 ;
994 1260 1121 1317 tres
1150 1255 1426 1337 prohibet
1452 1276 1635 1339 supra

623 1338 916 1403 Rixarum
946 1345 1220 1403 metuens
1241 1347 1494 1421 tangere
1526 1340 1741 1405 Gratia

707 1423 907 1487 Nudis
927 1425 1144 1509 juncta
1171 1424 1492 1488 sororibus.

624 1508 900 1573 Insanire
919 1510 1132 1594 juvat:
1182 1531 1290 1573 cur
1318 1509 1724 1596 Berecyntiae

713 1593 969 1659 Gessant
995 1595 1236 1658 flamina
1269 1594 1499 1661 tibiae?

626 1674 752 1743 Cur
777 1680 1006 1764 pendet
1033 1681 1221 1743 tacita
1245 1680 1448 1743 fistula
1476 1702 1614 1744 cum
1639 1679 1825 1767 lyra?

557 1772 564 1779 ’
708 1765 1042 1830 Par-centes
1070 1786 1184 1848 ego
1217 1765 1499 1829 dexteras

627 1846 782 1915 Odi:
827 1872 1046 1935 sparge
1075 1871 1278 1928 rosas;
1324 1851 1531 1915 audiat
1556 1850 1797 1917 invidus

710 1935 1072 1999 Dementem
1099 1936 1418 2019 strepitum
1447 1936 1500 2000 L
1543 1958 1651 2001 cus

620 2018 707 2084 Et
733 2021 930 2085 vicina
957 2022 1086 2085 seni
1113 2042 1233 2086 non
1262 2022 1477 2085 habilis
1557 2043 1695 2107 yco.

710 2104 918 2190 Spissa
945 2113 1008 2169 te
1037 2107 1295 2170 nitidum
1321 2128 1514 2187 coma,

618 2188 784 2255 Puro
812 2199 874 2256 te
904 2192 1175 2272 similem,
1205 2192 1495 2275 Telephe,
1523 2190 1822 2277 Vespero,

703 2275 1088 2361 Tempestiva
1113 2278 1268 2362 petit
1295 2277 1547 2341 Rhode:

619 2356 728 2433 Me
754 2362 955 2426 lentus
985 2361 1284 2449 Glycerae
1315 2368 1508 2428 torret
1535 2382 1703 2427 amor
1728 2382 1923 2429 meae.

964 2782 1423 2850 CARMEN
1479 2783 1668 2848 XX.

621 3120 776 3186 Non
802 3122 993 3203 vides,
1023 3130 1248 3207 quanto
1274 3144 1515 3189 moveas
1541 3124 1789 3209 periclo,

618 3207 880 3291 Pyrrhe,
913 3208 1208 3275 Gaetulae
1239 3211 1467 3274 catulos
1494 3208 1787 3274 leaenae?

619 3292 795 3358 Dura
823 3300 958 3379 post
983 3297 1182 3377 paullo
1210 3295 1407 3377 fugies
1435 3295 1699 3360 inaudax

956 3380 1198 3445 Proelia
1225 3386 1431 3463 raptor

623 3460 783 3533 Cum,
821 3486 934 3549 per
973 3466 1283 3530 obstantes
1308 3465 1603 3550 juvenum
1630 3470 1909 3530 catervas

617 3547 743 3611 Ibit
769 3548 1061 3631 insignem
1090 3557 1371 3633 repetens
1398 3550 1772 3629 Nearchum,

621 3632 867 3698 Grande
898 3640 1204 3699 certamen
1259 3636 1369 3699 tibi
1397 3636 1625 3721 praeda
1654 3635 1835 3701 cedat

955 3718 1155 3804 Major
1185 3741 1264 3785 an
1291 3721 1399 3785 illi.

2288 236 2371 305 ⁷1

2302 853 2364 902 10

2298 1276 2361 1327 15
