2675 4409
305 257 392 320 48

1172 273 1521 348 CARMINIJM

732 425 826 489 Tu
855 425 1116 488 secanda
1142 447 1441 490 marmora

648 510 840 574 Locas
871 512 980 574 sub
1009 511 1204 594 ipsum
1231 513 1435 591 suune,
1464 519 1530 576 et
1563 513 1825 597 sepulcri

734 596 1054 659 Immemor
1083 599 1262 661 struis
1294 598 1497 662 domos

643 679 954 764 Mar-isque
986 683 1151 746 Baiis
1181 685 1577 769 obstrepentis
1608 704 1790 768 urges

734 766 1118 831 Summovere
1159 770 1359 848 litora,

643 851 868 916 Parum
897 855 1162 936 locuples
1192 855 1533 918 continente
1563 853 1715 938 ripa.

733 937 916 1018 Quid,
946 940 1108 1022 quod
1135 961 1324 1022 usque
1357 941 1652 1024 proximos
1676 951 1682 958 '

647 1023 914 1086 Revellis
943 1025 1076 1106 agri
1103 1025 1387 1089 terminos
1442 1033 1506 1089 et
1532 1027 1693 1089 ultra

731 1108 979 1172 Limites
1009 1110 1316 1173 clientium

647 1193 804 1258 Salis
833 1215 1050 1258 avarus
1076 1194 1102 1258 2
1191 1196 1447 1262 Pellitur
1476 1201 1757 1280 paternos

731 1279 808 1342 In
835 1279 972 1343 sinu
999 1281 1199 1345 ferens
1229 1282 1375 1345 deos

643 1363 729 1429 Et
757 1388 908 1429 uxor
936 1373 1000 1430 et
1027 1368 1120 1430 vir
1147 1368 1533 1452 sordidosque
1562 1372 1776 1448 natos;

727 1450 918 1515 Nulla
946 1453 1164 1514 certior
1192 1459 1397 1515 tamen

643 1533 906 1618 Rapacis
936 1535 1083 1599 Orci
1109 1539 1228 1599 fine
1259 1537 1561 1600 destinata

727 1620 895 1684 Aula
923 1621 1168 1683 divitem
1197 1628 1401 1684 manet

643 1703 900 1768 Herum.
992 1705 1154 1779 Quid
1181 1708 1343 1770 ultra
1370 1705 1617 1772 tendis?
1704 1703 1929 1790 Aequa
1954 1704 2133 1771 tellus

729 1790 994 1874 Pauperi
1022 1793 1354 1856 recluditur

642 1874 1000 1959 Regumque
1031 1879 1256 1961 pueris,
1283 1899 1399 1942 nec
1428 1879 1671 1942 satelles
1703 1875 1849 1940 Orci

731 1959 1028 2024 Callidum
1057 1963 1419 2027 Promethea
1789 1986 1794 1991 ·

642 2044 903 2110 Revexit
931 2068 1077 2112 auro
1105 2057 1336 2133 captus.
1427 2048 1549 2112 Hic
1581 2046 1905 2132 superbum

729 2131 1047 2214 Tantalum
1100 2141 1282 2219 atque
1313 2134 1552 2198 Tantali

641 2213 849 2280 Genus
879 2220 1160 2297 coereet3
1204 2221 1302 2284 hic
1331 2222 1535 2284 levare
1563 2218 1839 2282 functum

729 2301 1066 2388 Pauperem
1094 2306 1393 2369 laboribus

641 2385 913 2454 Vocatus
944 2397 1128 2476 atque
1156 2413 1277 2454 non
1309 2395 1556 2455 vocatus
1586 2387 1775 2452 audit.
1817 2471 1833 2494 J

953 2816 1411 2883 GARMEN
1467 2817 1711 2883 XIX:

639 3159 960 3222 BAccHUM
987 3159 1052 3221 in
1080 3156 1322 3222 remotis
1354 3156 1619 3220 carmina
1646 3153 1895 3237 rupibus

639 3244 786 3311 Vidi
815 3245 1230 3308 docentem—
1251 3243 1483 3306 credite
1514 3241 1741 3326 posteri
1763 3273 1851 3286 —-

725 3329 1162 3414 Nymphasque
1193 3327 1492 3389 discentes
1513 3387 1525 3394 ,
1546 3331 1609 3388 et
1638 3345 1813 3388 aures

811 3411 1214 3497 Capripedum
1247 3410 1601 3494 Satyrorum
1622 3416 1852 3473 acutas,

640 3498 834 3574 Euoe,
899 3497 1128 3559 recenti
1157 3517 1325 3560 mens
1356 3497 1617 3580 trepidat
1642 3501 1811 3558 metu

637 3583 948 3667 Plenoque
979 3581 1207 3644 Bacchi
1235 3588 1478 3666 pectore
1508 3581 1815 3646 turbidum

723 3667 1032 3732 Laetatur.
1084 3667 1278 3749 Buce,
1327 3688 1509 3752 parce
1558 3666 1765 3745 Liber,

812 3753 1030 3834 Parce,
1060 3755 1229 3838 gravi
1256 3754 1576 3818 metuende
1606 3754 1813 3839 thyrso
1842 3751 1859 3820 l
