2675 4409
951 280 1082 327 ΗΒ.
1126 280 1176 327 1.
1225 280 1423 327 cnm.
1468 280 1614 329 m.
2238 264 2325 333 17

845 600 1311 668 GARMEN
1380 600 1723 669 XVIII.

326 945 635 1022 Nouus,
664 945 858 1023 Vare‚
887 964 1062 1007 sacra
1091 943 1211 1007 vite
1239 944 1407 1027 prius
1436 944 1661 1008 severis
1692 945 1962 1011 arborem

329 1030 508 1094 Circa
534 1031 680 1093 mite
711 1030 902 1093 solum
931 1030 1168 1093 Tiburis
1198 1037 1261 1092 et
1281 1032 1516 1094 moenia
1547 1029 1745 1093 Catili.

333 1114 521 1178 Siccis
551 1116 750 1177 omnia
774 1137 915 1177 nam
943 1115 1097 1178 dura
1125 1114 1274 1177 deus
1302 1115 1625 1199 proposuit,
1657 1137 1853 1200 neque

327 1199 650 1263 Mordaces
680 1200 854 1263 aliter
883 1199 1202 1282 diffugiunt
1230 1201 1675 1263 sollicitudines·

330 1284 478 1357 Quis
507 1295 643 1368 post
671 1286 810 1349 vina
838 1306 1086 1367 gravem
1113 1284 1385 1349 militiam
1414 1292 1519 1350 aut
1547 1284 1893 1368 pauperiem
1922 1284 2179 1369 crepat?
2283 1305 2318 1354 5

328 1370 478 1442 Quis
507 1391 626 1432 non
653 1378 712 1432 te
741 1371 959 1454 potius,
988 1371 1233 1433 Bacche
1263 1376 1460 1453 pater,
1493 1378 1699 1453 teque,
1729 1370 1951 1435 decens
1978 1370 2245 1437 Venus?

326 1455 419 1517 At
446 1476 525 1517 ne
555 1454 688 1537 quis
715 1455 931 1518 modici
959 1456 1256 1518 transiliat
1284 1476 1535 1519 munera
1564 1454 1768 1518 Liberi

331 1538 674 1603 Centaurea
699 1548 902 1603 monet
930 1561 1067 1603 cum
1096 1540 1366 1623 Lapithis
1394 1540 1523 1603 rixa
1552 1562 1734 1623 super
1760 1562 1925 1605 mero

327 1623 674 1703 Debellata,
735 1632 936 1688 monet
967 1624 1252 1689 Sithoniis
1279 1647 1400 1689 non
1428 1626 1577 1689 levis
1610 1626 1823 1707 Euius,

325 1704 480 1771 Cum
521 1709 618 1771 fas
677 1716 860 1793 atque
886 1712 1058 1775 nefas
1087 1711 1302 1793 exiguo
1330 1712 1451 1774 fine
1479 1712 1787 1775 libidinum
2253 1732 2315 1783 10

329 1792 697 1857 Discernunt
725 1796 904 1859 avidi.
991 1796 1136 1859 Non
1165 1818 1278 1877 ego
1307 1804 1392 1874 te,
1422 1796 1677 1861 candide
1707 1798 2031 1879 Bassareu,

329 1878 595 1941 Invitum
623 1881 910 1963 quatiam,
968 1902 1082 1945 nec
1113 1882 1292 1945 variis
1321 1882 1511 1945 obsita
1539 1882 1849 1946 frondibus

334 1961 458 2027 Sub
489 1964 692 2027 divum
713 1967 963 2049 rapiam.
1055 1964 1256 2031 Saeva
1281 1973 1423 2030 tene
1452 1989 1590 2031 cum
1618 1966 1985 2053 Berecyntio

333 2048 532 2111 Cornu
560 2056 868 2134 tympana,
899 2071 1053 2135 quae
1083 2052 1473 2135 subsequitur
1500 2074 1715 2117 caecus
1744 2053 1937 2117 Amor
1970 2052 2065 2117 sui

326 2132 410 2197 Et
441 2136 651 2198 tollens
682 2157 942 2199 vacuum
971 2138 1104 2219 plus
1129 2138 1308 2200 nimio
1342 2136 1549 2201 Gloria
1575 2137 1882 2220 verticem,
2250 2157 2313 2207 15

323 2219 674 2307 Arcanique
704 2222 893 2285 Fides
921 2222 1190 2305 prodiga,
1218 2224 1580 2307 perlucidior
1608 2224 1783 2288 vitro.

901 2646 1359 2712 OARMEN
1417 2648 1649 2713 XIX.

661 2986 901 3050 MATER
927 3008 1112 3066 saeva
1142 2986 1505 3071 Cupidinum

580 3072 1020 3155 Thebanaeque
1041 3073 1219 3153 jubet
1245 3094 1343 3137 me
1377 3072 1641 3137 Semeles
1669 3094 1823 3159 puer

665 3158 750 3219 Et
778 3159 1002 3221 lasciva
1031 3158 1306 3221 Licentia

576 3241 793 3305 Finitis
825 3244 1086 3305 animum
1113 3243 1371 3306 reddere
1394 3244 1710 3307 amoribus.

667 3327 814 3391 Urit
841 3350 936 3390 me
970 3327 1268 3411 Glycerae
1299 3329 1459 3392 nitor
2276 3350 2308 3399 a

583 3410 970 3496 Splendentis
1000 3414 1180 3477 Pario
1206 3434 1501 3479 marmore
1529 3414 1775 3499 purius3

665 3497 812 3561 Urit
835 3505 1011 3581 grata
1039 3500 1397 3582 protervitas
1857 3500 1865 3509 ⁰

577 3580 664 3645 Et
695 3583 894 3647 voltus
921 3584 1169 3680 nimium
1195 3585 1461 3648 lubricus
1492 3584 1739 3669 adspici.

664 3666 743 3730 In
769 3690 868 3731 me
897 3675 1027 3732 tota
1053 3690 1235 3733 ruens
1263 3668 1478 3735 Venus

583 3749 858 3837 Cyprum
885 3754 1176 3869 deseruit,
1227 3776 1341 3819 nec
1370 3755 1597 3839 patitur
1628 3754 1889 3839 Scythas
2251 3774 2315 3824 10
