2675 4409
343 268 468 334 208
1159 280 1601 330 mueromntm

345 435 600 502 Ostendi
628 435 825 516 Latio,
853 457 1132 499 numeros
1161 435 1503 518 animosque
1532 439 1777 498 secutus

342 522 720 606 Archilochi2
744 543 863 584 non
891 543 988 590 res
1019 528 1084 585 et
1110 522 1353 603 agentia
1379 521 1565 584 verba
1592 518 1957 605 Lycamben.

342 607 440 672 Ac
469 629 547 671 ne
576 628 671 669 me
699 607 853 670 foliis
886 607 1022 670 ideo
1047 607 1416 670 brevioribus
1446 625 1621 669 ornes

344 691 518 766 Quod
549 692 719 755 timui
746 699 978 755 mutare
1007 692 1211 754 modos
1239 699 1306 754 et
1335 692 1611 754 carminis
1641 696 1857 766 artem,

343 779 666 861 Temperat
694 778 1043 842 Archilochi
1073 776 1312 840 Musam
1342 777 1497 860 pede
1528 776 1799 857 muscula
1828 772 2094 858 Sappho,

343 863 665 946 Temperat
690 862 982 941 Alcaeus,
1009 862 1119 925 sed
1147 863 1326 925 rebus
1356 870 1421 924 et
1448 861 1655 925 ordine
1686 861 1910 944 dispar,

343 948 478 1011 Nec
507 969 780 1011 socerum
807 950 1045 1031 quaerit
1073 968 1252 1029 quem
1281 946 1549 1008 versibus
1580 945 1803 1008 oblinat
1832 945 1999 1025 atris,

343 1032 407 1096 N
410 1055 479 1097 ec
509 1053 758 1116 sponsae
789 1033 1070 1115 laqueum
1100 1034 1326 1094 famoso
1357 1033 1619 1093 carmine
1648 1031 1859 1093 nectit.

343 1119 526 1182 Hunc
559 1140 592 1181 e
596 1139 672 1200 go
702 1140 820 1180 non
849 1118 964 1181 alio
993 1116 1220 1180 dictum
1250 1116 1417 1201 prius
1446 1137 1548 1179 ore
1579 1115 1831 1178 Latinus

342 1203 608 1286 Vulgavi
636 1203 892 1286 fidicen3
927 1204 1107 1288 juvat
1133 1202 1543 1265 immemorata
1568 1202 1867 1264 ferentem

339 1288 630 1372 'Ingenuis
660 1289 964 1372 oculisque
993 1288 1116 1371 legi
1142 1289 1533 1371 manibusque
1564 1286 1777 1350 teneri.

345 1373 515 1438 Scire
545 1375 692 1437 velis
721 1395 856 1436 mea
885 1395 993 1437 cur
1020 1374 1292 1456 ingratus
1321 1373 1609 1456 opuscula
1634 1373 1826 1435 lector

343 1459 580 1522 Laudet
609 1466 886 1542 ametque
918 1458 1096 1536 domi,
1129 1466 1363 1541 premat
1392 1465 1565 1520 extra
1591 1458 1771 1520 limen
1798 1451 2086 1540 iniquus?

343 1544 486 1607 Non
515 1564 628 1626 ego
659 1551 936 1605 ventosae
969 1543 1156 1626 plebis
1191 1542 1476 1624 suffragia
1505 1563 1690 1606 venor

342 1628 637 1711 Impensis
667 1649 986 1690 coenarum
1016 1635 1080 1689 et
1107 1627 1285 1690 tritae
1315 1648 1562 1689 munere
1593 1627 1814 1702 vestis;

343 1713 488 1776 Non
517 1734 629 1796 ego
661 1712 941 1775 nobilium
971 1712 1329 1794 scriptorum
1360 1711 1597 1776 auditor
1624 1718 1688 1774 et
1714 1713 1875 1774 ultor

346 1798 782 1861 Grammaticas
813 1797 1037 1860 ambire
1068 1797 1259 1860 tribus
1289 1803 1353 1859 et
1380 1797 1610 1880 pulpita
1638 1796 1888 1878 dignor:

343 1882 507 1947 Hinc
537 1883 672 1946 illae
702 1884 1000 1946 lacrimae.
1088 1887 1128 1920 “
1157 1881 1377 1966 Spissis
1405 1882 1655 1964 indigna
1684 1883 1937 1946 theatris

347 1967 588 2050 Scripta
614 1968 803 2052 pudet
830 1969 1086 2032 recitare
1118 1975 1183 2031 et
1209 1968 1388 2050 nugis
1418 1968 1643 2031 addere
1672 1966 1969 2052 ponduS,’'

346 2051 414 2117 Si
444 2052 601 2117 dixi:
649 2059 689 2090 ‘⁶
712 2054 966 2133 Rides,’'
1001 2054 1106 2132 ait,
1141 2059 1181 2091 ‘⁶
1205 2062 1268 2117 et
1294 2054 1340 2117 J
1342 2054 1467 2117 ovis
1498 2054 1740 2117 auribus
1767 2054 1885 2118 ista

347 2137 609 2216 Servas3
653 2139 788 2202 fidis
819 2141 975 2203 enim
1003 2162 1247 2204 manare
1278 2140 1516 2223 poetica
1542 2141 1723 2204 mella

341 2224 429 2290 {re
459 2226 668 2304 solum,
700 2226 805 2288 tibi
835 2226 1142 2309 pulcher.”
1171 2297 1178 2303 ,
1233 2227 1337 2290 Ad
1363 2228 1512 2290 haec
1546 2247 1659 2308 ego
1688 2222 1931 2290 naribus
1961 2224 2053 2290 uti

340 2310 641 2388 For-mide,
675 2318 737 2374 et
765 2313 1047 2376 luctantis
1077 2319 1256 2376 acuto
1285 2335 1361 2376 ne
1392 2334 1565 2376 secer
1594 2312 1802 2394 ungui,

341 2401 384 2433 “
406 2396 700 2480 Displicet
728 2399 838 2460 iste
870 2399 1101 2477 locuS,”
1137 2400 1349 2478 clamo,
1380 2405 1421 2436 “
1446 2406 1509 2461 et
1538 2399 1763 2461 diludia
1792 2394 2037 2479 posco.’'

339 2481 549 2545 Ludus
580 2484 737 2546 enim
765 2484 976 2566 genuit
1003 2484 1302 2566 trepidum
1333 2491 1640 2548 certamen
1669 2490 1733 2548 et
1759 2482 1935 2564 iram,

337 2566 445 2632 Ira
475 2577 674 2633 truces
702 2569 1039 2634 inimicitias
1069 2576 1134 2634 et
1160 2569 1413 2634 funebre
1442 2569 1681 2632 bellum.

991 2990 1505 3058 EPISTOLA
1573 2995 1769 3064 XX„

335 3174 757 3238 Venenum
785 3173 829 3236 J
831 3194 1152 3256 anumque,
1180 3174 1355 3253 liber,
1384 3179 1659 3258 spectare
1688 3174 1932 3257 videris,

340 3258 584 3323 Scilicet
611 3266 681 3321 ut
708 3266 940 3342 prostes
973 3257 1274 3320 Sosiorum
1303 3261 1538 3343 pumice
1568 3260 1843 3325 mundus.

339 3344 537 3408 Odisti
570 3346 767 3407 claves
799 3353 860 3407 et
890 3355 1064 3427 grata
1094 3344 1290 3426 sigilla
1319 3346 1575 3429 pudico;

335 3431 556 3495 Paucis
587 3431 819 3494 ostendi
850 3431 1038 3513 gemis
1071 3438 1133 3492 et
1163 3433 1498 3495 communia
1526 3433 1759 3512 laudm,

333 3517 398 3582 N
402 3540 478 3580 on
507 3517 593 3580 ita
621 3519 902 3580 nutritus.
995 3517 1166 3599 Fuge
1199 3538 1316 3599 quo
1348 3519 1713 3582 descendere
1745 3518 1949 3602 gestis.

335 3602 399 3666 N
401 3623 477 3666 on
507 3603 622 3666 erit
651 3604 862 3666 emisso
893 3603 1122 3667 reditus
1155 3603 1280 3666 tibi.
1370 3609 1411 3641 “
1436 3604 1594 3679 Quid
1624 3606 1801 3670 miser
1831 3603 1977 3687 egi?

336 3687 498 3763 Quid
527 3688 733 3754 volui?
757 3690 796 3719 ”
831 3689 996 3753 dices
1026 3690 1129 3752 ubi
1159 3691 1292 3773 quis
1322 3697 1384 3754 te
1415 3692 1696 3768 laeserit3
1742 3698 1805 3754 ct
1832 3691 1951 3755 scis

335 3774 415 3837 In
439 3775 623 3842 breve
652 3783 716 3839 te
746 3775 884 3860 cogi
909 3795 1048 3840 cum
1075 3777 1288 3856 plenus
1315 3778 1567 3862 languet
1594 3783 1840 3842 amator.

2351 963 2419 1012 30

2358 1817 2419 1866 10

2342 2241 2416 2292 45
