2675 4409
395 269 522 336 150
1243 281 1615 331 sumnum

391 440 543 506 Post
569 437 829 504 mediam
857 443 1097 501 noctem
1125 435 1288 500 visus
1318 457 1462 500 cum
1488 434 1719 500 somnia
1747 456 1934 502 vera:

391 531 434 565 ‘⁴
459 527 534 590 In
565 526 778 590 silvam
805 546 926 587 non
956 524 1124 607 ligna
1150 523 1312 586 feras
1340 523 1608 587 insanius
1638 543 1710 586 ac
1740 522 1793 586 si

389 611 654 695 Magnas
687 611 1059 675 Graecorum
1087 609 1259 672 malis
1287 609 1536 693 implere
1564 607 1913 672 catervas.”

391 698 697 781 Turgidus
730 697 992 780 Alpinus
1011 695 1257 780 jugulat
1283 695 1429 758 dum
1450 695 1807 774 Memnona,
1839 694 2107 781 dumque

391 783 668 868 Defingit
695 783 896 847 Rheni
925 783 1155 845 luteum
1185 789 1391 864 caput,
1420 782 1571 844 haec
1600 801 1712 863 ego
1742 780 1907 860 ludo,

393 867 566 944 Quae
594 891 792 953 neque
823 870 885 932 in
914 867 1066 932 aede
1096 875 1312 931 sonent
1342 866 1641 930 certantia
1659 867 1869 950 judice
1900 867 2125 952 Tarpa,

391 955 530 1021 Nec
561 956 819 1020 redeant
845 955 1064 1018 iterum
1094 961 1277 1036 atque
1307 952 1528 1016 iterum
1558 953 1893 1034 spectanda
1921 954 2195 1020 theatris.

393 1042 640 1125 Arguta
666 1042 983 1105 meretrice
1015 1046 1186 1124 potes
1218 1031 1512 1122 Davoque
1546 1037 1875 1104 Chremeta

392 1127 696 1193 Eludente
725 1148 932 1192 senem
961 1125 1146 1190 comis
1174 1123 1407 1208 garrire
1436 1125 1667 1188 libellos

390 1213 575 1278 Unus
605 1214 892 1290 vivorum,
921 1211 1241 1288 Fundani3
1287 1210 1479 1274 Pollio
1506 1232 1724 1294 regum

389 1299 586 1365 Facta
615 1300 777 1364 canit
805 1299 962 1383 pede
991 1305 1089 1362 ter
1118 1318 1404 1382 percusso
1430 1317 1448 1374 3
1493 1297 1649 1360 forte
1681 1317 1823 1381 epos
1853 1316 1997 1362 acer

390 1385 483 1450 Ut
509 1408 686 1449 nemo
714 1385 942 1450 Varius
971 1384 1174 1460 ducit;
1215 1383 1395 1447 molle
1426 1391 1611 1466 atque
1640 1383 1911 1448 facetum

389 1470 651 1554 Virgilio
681 1477 1026 1535 annuerunt
1053 1469 1395 1552 gaudentes
1423 1491 1565 1532 rure
1598 1469 1923 1534 Camenae.

389 1556 530 1620 Hoc
561 1564 716 1635 erat,
745 1563 994 1639 experto
1023 1556 1252 1618 frustra
1281 1554 1561 1619 Varrone
1592 1555 1857 1620 Atacino

389 1642 601 1725 Atque
633 1641 989 1725 quibusdam
1020 1640 1174 1719 aliis,
1203 1641 1417 1704 melius
1446 1641 1611 1724 quod
1640 1642 1903 1706 scribere
1934 1662 2195 1726 possem,

389 1727 716 1791 Inventore
746 1727 976 1802 minor3
1021 1747 1218 1810 neque
1251 1749 1366 1810 ego
1394 1728 1481 1791 illi
1510 1727 1831 1792 detrahere
1862 1728 2057 1792 ausim

389 1812 766 1878 Haerentem
796 1813 980 1896 capiti
1009 1834 1146 1876 cum
1176 1815 1369 1878 multa
1394 1813 1577 1878 laude
1608 1835 1905 1878 coronam.

389 1899 482 1962 At
511 1899 635 1962 dixi
662 1899 849 1962 fluere
879 1900 1041 1962 hunc
1071 1899 1459 1979 lutulentum,
1488 1921 1669 1984 saepe
1699 1901 1999 1964 ferentem

389 1984 579 2048 Plura
608 1985 852 2069 quidem
881 1985 1148 2050 tollenda
1175 1986 1605 2070 relinquendis.
1697 1988 1863 2070 Age,
1896 2005 2147 2070 quaeso,

388 2071 484 2134 Tu
513 2071 660 2134 nihil
689 2072 750 2134 in
780 2093 999 2156 magno
1027 2071 1241 2136 doctus
1271 2071 1663 2156 reprehendis
1692 2070 2015 2138 Homero?

387 2155 498 2221 Nil
527 2158 710 2222 comis
742 2158 958 2242 tragici
986 2165 1182 2222 mutat
1211 2157 1478 2222 Lucilius
1510 2157 1718 2222 Acci?

388 2242 534 2308 Non
561 2244 723 2308 ridet
753 2265 963 2308 versus
995 2244 1154 2307 Enni
1185 2245 1484 2327 gravitate
1514 2244 1798 2324 minores,

388 2328 545 2394 Cum
574 2330 651 2394 de
681 2352 748 2394 se
777 2330 1044 2414 loquitur
1070 2351 1192 2394 non
1215 2336 1290 2393 'ut
1315 2331 1541 2414 majore
1570 2328 1923 2414 reprensis?

389 2412 551 2489 Quid
580 2423 749 2480 vetat
779 2425 842 2480 et
869 2423 1104 2479 nosmet
1132 2414 1328 2480 Lucili
1358 2416 1585 2499 scripta
1610 2417 1886 2499 legentes

361 2533 366 2538 ·
388 2500 724 2582 Quaerere,
753 2525 898 2566 num
925 2502 1106 2580 illius,
1135 2523 1282 2564 num
1309 2523 1515 2564 rerum
1543 2501 1699 2564 dura
1726 2501 1969 2586 negarit

385 2585 738 2653 'Versiculos
767 2597 986 2652 natura
1014 2588 1208 2670 magis
1236 2588 1434 2652 factos
1458 2593 1523 2652 et
1552 2595 1767 2652 euntes

385 2672 631 2738 Mollius
661 2696 734 2739 ac
763 2674 814 2738 si
844 2675 978 2759 quis
1007 2674 1266 2758 pedibus
1295 2674 1441 2758 quid
1474 2673 1757 2738 claudere
1788 2673 1973 2753 senis,

385 2757 526 2824 Hoc
557 2769 791 2824 tantum
823 2769 1165 2840 contentus,
1195 2768 1360 2824 amet
1388 2761 1699 2844 scripsisse
1730 2760 2024 2824 ducentos

385 2845 555 2909 Ante
586 2847 787 2910 cibum
815 2868 1048 2925 versus,
1080 2846 1330 2910 totidem
1360 2855 1685 2922 coenatus3
1734 2845 1980 2912 Etrusci

387 2929 580 3004 Quale
613 2932 730 2994 fuit
759 2930 932 2994 Cassi
962 2931 1172 3013 rapido
1202 2933 1537 2995 ferventius
1568 2932 1729 2994 amni

384 3014 734 3104 Ingenium,
765 3016 964 3100 capsis
993 3038 1176 3101 quem
1204 3015 1373 3079 fama
1400 3022 1495 3079 est
1524 3036 1658 3078 esse
1690 3015 1981 3101 librisque

384 3099 752 3166 Ambustum
781 3101 1084 3183 propriis?
1169 3101 1384 3164 Fuerit
1412 3100 1703 3183 Lucilius,
1731 3101 2002 3186 inquam,

385 3182 585 3248 Comis
617 3191 680 3248 et
707 3185 996 3263 urbanuS,
1027 3186 1212 3248 fuerit
1238 3187 1498 3250 limatior
1528 3187 1691 3251 idem

386 3267 583 3342 Quam
611 3270 778 3333 rudis
809 3279 874 3333 et
903 3269 1156 3334 Graecis
1185 3271 1399 3336 intacti
1430 3274 1705 3338 carminis
1735 3281 1970 3354 auctor,

386 3354 701 3440 Quamque
733 3361 1048 3440 poetarum
1075 3357 1377 3422 seniorum
1410 3361 1625 3437 turba3
1670 3360 1781 3424 sed
1808 3361 1935 3440 ille,

387 3439 456 3504 Si
483 3442 641 3506 foret
669 3443 781 3507 hoc
811 3450 1084 3507 nostrum
1113 3444 1238 3508 fato
1267 3445 1489 3510 dilatus
1518 3447 1582 3510 in
1612 3468 1851 3524 aevum,

383 3525 712 3593 Detereret
739 3531 850 3592 sibi
880 3531 1092 3610 multa,
1123 3531 1427 3595 recideret
1455 3554 1628 3596 omne
1660 3533 1821 3616 quod
1851 3533 2013 3598 ultra

383 3614 735 3680 Perfectum
765 3616 1134 3696 traheretur,
1165 3625 1229 3680 et
1256 3618 1319 3681 in
1350 3641 1529 3682 versu
1570 3618 1845 3682 faciendo

385 3698 584 3785 Saepe
615 3709 800 3785 caput
827 3704 1104 3768 scaberet
1131 3704 1298 3769 vivos
1328 3713 1394 3770 et
1422 3704 1948 3787 roderet·ungues.

385 3784 584 3874 Saepe
615 3787 818 3853 stilum
847 3797 1050 3855 vertas
1079 3791 1300 3856 iterum
1328 3813 1485 3876 quae
1516 3790 1703 3873 digna
1728 3790 1851 3874 legi
1878 3790 2001 3856 sint

2420 1063 2487 1112 ⁴0
