2675 4409
920 293 1051 340 LIB.
1097 293 1205 340 111.
1251 293 1450 340 CARM.
1495 293 1715 342 XXVII.

701 448 959 513 Funalia
987 453 1049 510 et
1078 453 1283 510 vectes
1312 453 1376 510 et
1405 467 1579 511 arcus

789 533 1093 618 Oppositis
1122 533 1344 596 foribus
1371 534 1654 596 minaces.

618 618 673 684 Ο
705 641 861 703 quae
891 619 1129 681 beatam
1182 617 1323 679 diva
1373 625 1542 680 tenes
1571 617 1841 701 Cyprum
1869 624 1935 684 et

614 698 929 788 Memphin
958 709 1265 766 carentem
1298 701 1570 766 Sithonia
1597 703 1759 783 nive,

700 789 961 872 Regina,
992 788 1227 852 sublimi
1255 788 1494 870 flagello

785 875 993 959 Tange
1027 873 1256 938 Chloen
1285 873 1476 937 semel
1503 877 1886 958 arrogantem

854 1299 1314 1368 GARMEN
1378 1296 1759 1364 XXVII.

696 1645 929 1711 Immos
956 1663 1171 1730 parrae
1200 1640 1524 1709 recinentis
1553 1659 1728 1704 omen

697 1732 901 1796 Ducat
954 1737 1017 1794 ct
1044 1749 1385 1814 praegnans
1414 1726 1578 1790 canis
1629 1731 1737 1789 aut
1765 1725 1842 1792 ab
1869 1745 2017 1811 agro

700 1817 877 1882 Rava
905 1815 1233 1880 decurrens
1261 1815 1406 1897 lupa
1432 1811 1746 1878 Lanuvino

1036 1901 1309 1983 Fetaque
1338 1898 1569 1982 vulpes.

699 1987 967 2072 Rumpat
994 1989 1065 2049 et'
1086 2005 1333 2068 serpens
1361 1984 1480 2046 iter
1505 1983 1846 2048 institutum

700 2071 767 2137 Si
796 2093 905 2156 per
933 2071 1236 2154 obliquum
1264 2069 1470 2134 similis
1497 2070 1755 2154 sagittae

702 2156 1215 2227 Terruitmannos
1244 2174 1262 2217 ε
1312 2174 1432 2237 ego
1476 2153 1576 2217 cui
1616 2154 1835 2220 timebo

1034 2240 1331 2304 Providus
1359 2261 1608 2324 auspex,

701 2325 1051 2410 Antequam
1080 2333 1309 2390 stantes
1336 2333 1575 2410 repetat
1601 2323 1854 2410 paludes

698 2411 989 2477 Imbrium
1018 2410 1218 2475 divina
1248 2412 1378 2476 avis
1404 2411 1838 2492 imminentum,

702 2497 983 2563 Oscinem
1013 2503 1255 2561 corvum
1284 2518 1466 2581 prece
1497 2496 1795 2562 suscitabo

1044 2581 1198 2646 Solis
1227 2583 1305 2646 ab
1331 2590 1490 2646 ortu.

703 2665 800 2733 Sis
826 2667 972 2732 licet
996 2667 1141 2731 felix
1191 2669 1531 2750 ubicunque
1558 2667 1772 2746 mavis,

706 2753 791 2818 Et
818 2774 1044 2817 memor
1068 2753 1280 2831 nostri,
1312 2752 1592 2830 Galatea,
1621 2751 1812 2830 vivas,

700 2839 908 2924 Teque
937 2860 1050 2904 nee
1079 2841 1287 2902 laevus
1316 2844 1484 2901 vetet
1510 2837 1598 2900 ire
1629 2837 1798 2921 picus

1040 2923 1178 2988 Nec
1205 2942 1366 3008 vaga
1395 2923 1620 2987 cornix.

704 3007 829 3074 Sed
857 3009 1025 3073 vides
1076 3018 1299 3094 quanto
1330 3009 1594 3093 trepidet
1619 3008 1884 3071 tumultu

702 3095 937 3160 Pronus
968 3092 1176 3158 Orion.
1266 3095 1400 3178 Ego
1453 3093 1598 3179 quid
1627 3094 1706 3156 sit
1735 3101 1867 3157 ater

700 3181 977 3246 Hadriae
1007 3181 1149 3242 novi
1176 3179 1340 3243 sinus
1395 3187 1461 3243 et
1487 3179 1634 3264 quid
1663 3179 1836 3243 albus

1042 3264 1271 3328 Peccet
1298 3265 1516 3348 Iapyx.

700 3350 983 3414 Hostium
1010 3372 1227 3414 uxores
1258 3352 1552 3434 puerique
1581 3369 1794 3414 caecos

699 3433 979 3499 Sentiant
1007 3444 1203 3499 motus
1231 3436 1476 3500 orientis
1503 3433 1719 3499 Austri
1769 3435 1836 3500 et

695 3521 999 3606 Aequoris
1030 3521 1185 3604 nigri
1214 3522 1518 3586 fremitum
1570 3530 1635 3585 et
1661 3525 1986 3586 trementes

1039 3607 1313 3672 Verbere
1343 3609 1526 3693 ripas.

703 3689 805 3756 Sic
835 3697 900 3755 et
928 3692 1169 3777 Europe
1197 3694 1442 3756 niveum
1473 3693 1674 3756 doloso

698 3777 972 3842 Credidit
998 3785 1171 3928 talufo
1197 3780 1359 3844 latus
1411 3785 1475 3843 et
1502 3781 1834 3842 scatentem

2265 277 2344 344 '17

2279 2429 2342 2479 10

2278 2856 2341 2905 15
