2675 4409
306 163 433 228 132
1164 176 1534 224 sA‘rIRARUM

308 333 625 417 Neglectis
654 331 887 402 urenda
913 332 1040 395 filix
1068 330 1400 394 innascitur
1429 331 1612 413 agrist.

310 421 478 484 Illuc.
495 425 968 504 praevertamur,
1000 424 1323 480 amatorem
1357 417 1515 500 quod
1547 416 1772 480 amicae

302 506 537 588 Turpia
566 505 873 586 decipiunt
903 524 1149 566 caecum
1178 503 1345 580 vitia,
1376 509 1482 565 aut
1511 503 1692 565 etiam
1721 503 1850 586 ipsa
1876 503 2028 568 haec

311 591 657 667 Delectant,
688 590 873 650 veluti
903 589 1223 651 Balbinum
1252 589 1506 671 polypus
1535 589 1822 671 Hagnae.

311 677 553 740 Vellem
581 676 644 738 in
676 675 934 736 amicitia
962 674 1045 737 sic
1078 695 1415 736 erraremus
1433 694 1450 751 3
1469 681 1532 735 et
1561 675 1660 737 isti

312 761 521 824 Errori
550 782 765 829 nomen
795 761 985 823 virtus
1015 760 1311 842 posuisset
1338 760 1675 822 honestum.

312 849 403 909 At
432 854 603 930 pater
624 853 693 906 ut
716 847 884 928 gnati
929 846 1013 909 sic
1038 867 1146 908 nos
1166 845 1450 907 debemus
1481 846 1657 908 amici

316 931 381 995 Si
412 933 569 1016 quod
600 933 678 994 sit
709 931 916 993 vitium
965 953 1085 994 non
1112 931 1418 994 fastidire:
1463 932 1804 994 strabonem

312 1019 601 1102 Appellat
630 1024 873 1100 paetum
902 1023 1095 1100 pater,
1147 1023 1209 1080 et
1254 1017 1484 1100 pullum
1536 1019 1690 1080 male
1721 1037 1944 1101 parvus

317 1101 386 1165 Si
414 1104 510 1167 cui
538 1104 695 1165 filius
726 1109 839 1180 est,
870 1112 940 1164 ut
968 1103 1271 1166 abortivus
1302 1103 1418 1164 fuit
1447 1101 1585 1164 olim

318 1188 651 1272 Sisyphu83
694 1189 855 1250 hunc
884 1209 1094 1250 varum
1123 1188 1388 1251 distortis
1419 1189 1724 1264 cruribus3
1767 1188 1938 1252 illum

314 1273 587 1336 Balbutit
615 1294 893 1336 scaurum
915 1275 1113 1358 pravis
1140 1275 1360 1337 fultum
1387 1274 1542 1337 male
1569 1275 1724 1337 talis.

314 1359 567 1422 Parcius
594 1359 691 1421 hic
724 1359 892 1439 vivit,
954 1360 1114 1442 frugi
1146 1360 1403 1424 dicatur.
1495 1361 1749 1444 Ineptus

314 1443 400 1508 Et
418 1443 747 1528 jactantior
774 1445 872 1506 hic
905 1446 1081 1526 paulo
1130 1453 1246 1522 est,
1308 1447 1632 1510 concinnus
1663 1444 1868 1508 amicis

314 1529 594 1591 Postulat
621 1536 692 1589 ut
715 1527 1010 1590 videatur.
1098 1529 1191 1591 At
1218 1536 1314 1592 est
1349 1532 1742 1594 truculentior
1775 1537 1958 1614 atque

314 1614 463 1677 Plus
493 1634 685 1696 aequo
712 1612 883 1686 liber,
946 1612 1193 1694 simplex
1222 1615 1508 1698 fortisque
1539 1616 1874 1696 habeatur;

317 1699 560 1762 Caldior
589 1703 705 1769 est,
762 1715 933 1758 acres
961 1695 1119 1759 inter
1146 1709 1512 1762 numeretur.
1607 1699 1834 1782 Opinor

315 1785 491 1848 Haec
522 1804 619 1846 res
649 1789 711 1844 et
730 1781 936 1866 jungit
977 1781 1219 1864 junctos
1250 1792 1311 1846 et
1341 1793 1542 1848 servat
1573 1787 1812 1850 amicos·

314 1871 407 1934 At
434 1890 542 1932 nos
571 1869 823 1932 virtutes
852 1867 1011 1950 ipsas
1039 1866 1408 1949 invertimus,
1439 1880 1619 1954 atque

320 1955 634 2018 Sincerum
662 1952 931 2035 cupimus
960 1973 1065 2015 vas
1095 1953 1448 2018 incrustare.
1539 1957 1770 2020 Probus
1800 1955 1932 2040 quis

316 2041 645 2104 Nobiscum
675 2038 846 2115 vivit,
904 2039 1156 2100 multum
1188 2039 1477 2102 demissus
1504 2043 1712 2104 horno:
1760 2043 1844 2104 illi

315 2126 516 2189 'Tarde
547 2145 872 2208 cognomen
904 2125 1110 2208 pingui
1141 2125 1371 2187 damus
1463 2125 1582 2188 Hic
1612 2127 1766 2209 fugit
1797 2147 2000 2192 omnes

316 2212 577 2275 Insidias
628 2211 892 2293 nullique
924 2213 1078 2272 malo
1108 2211 1264 2272 latus
1296 2210 1460 2272 obdit
1495 2219 1790 2293 apertum,

320 2297 474 2360 Cum
503 2318 693 2380 genus
721 2297 832 2359 hoc
862 2297 1019 2358 inter
1050 2297 1206 2358 vitae
1239 2303 1514 2358 versetur
1564 2295 1664 2358 ubi
1700 2297 1853 2359 acris

316 2383 555 2446 Invidia
582 2389 763 2464 atque
797 2382 1003 2463 vigent
1031 2382 1131 2443 ubi
1162 2382 1433 2460 crimina,
1499 2403 1605 2464 pro
1635 2382 1786 2443 bene
1817 2401 1960 2442 sano

316 2469 415 2531 Ac
444 2490 563 2531 non
584 2468 825 2537 incauto
850 2469 1056 2530 fictum
1088 2474 1469 2548 astutumque
1502 2485 1805 2529 vocamuS.

322 2553 655 2638 Simplicior
684 2554 817 2636 quis
848 2559 911 2614 et
942 2560 1055 2635 est,
1088 2552 1328 2634 qualem
1361 2571 1456 2612 me
1487 2571 1668 2633 saepe
1699 2548 1962 2613 libenter

320 2639 657 2703 Obtulerim
678 2639 814 2717 tibi,
846 2637 1194 2716 Maecenas,
1226 2645 1295 2699 ut
1323 2637 1480 2700 forte
1511 2638 1819 2720 legentem

316 2726 451 2788 Aut
483 2726 731 2789 tacitum
760 2726 1027 2808 impellat
1060 2723 1267 2807 quovis
1296 2743 1567 2786 sermone
1598 2725 1904 2801 molestus,

321 2810 633 2873 Communi
662 2831 840 2873 sensu
869 2810 1044 2893 plane
1077 2815 1262 2888 caret,
1291 2807 1616 2892 inquimus
1681 2806 1879 2885 Eheu,

320 2895 515 2968 Quam
546 2904 771 2957 temere
800 2895 863 2955 in
887 2902 1122 2957 vnosmet
1149 2895 1348 2976 legem
1378 2894 1674 2956 sancimus
1704 2888 2004 2974 iniquam!

319 2979 482 3044 Nam
512 2979 668 3042 vitiis
698 2999 871 3041 nemo
901 2979 1026 3040 sine
1056 2978 1362 3053 nascitur3
1396 2978 1662 3060 ,optimus
1690 2977 1789 3039 ille
1821 2983 1915 3040 est

322 3066 440 3138 Qui
470 3065 723 3126 minimis
751 3071 1024 3144 urgetur.
1113 3062 1365 3124 Amicus
1396 3063 1586 3124 dulcis
1639 3067 1707 3122 ut
1736 3082 1994 3142 aequum
2024 3067 2114 3126 est

323 3151 476 3213 Cum
504 3170 639 3210 mea
669 3153 1011 3229 compenset
1038 3147 1197 3208 vitiis
1226 3147 1420 3221 bona;
1476 3145 1750 3230 pluribus
1779 3146 1946 3209 hisce

329 3233 440 3314 (Si
470 3231 645 3293 modo
676 3233 853 3314 plura
882 3230 1026 3291 mihi
1056 3231 1212 3291 bona
1242 3231 1420 3311 sunt)
1456 3231 1726 3305 inclinet,
1760 3234 1949 3296 amari

323 3319 389 3382 Si
418 3319 613 3380 volet:
661 3317 774 3378 hac
805 3315 941 3397 lege
970 3316 1033 3378 in
1063 3316 1287 3378 trutina
1318 3324 1571 3398 ponetur
1601 3317 1832 3380 eadem.

320 3404 439 3476 Qui
490 3425 567 3465 ne
597 3401 904 3465 tuberibus
936 3401 1185 3484 propriis
1215 3402 1476 3464 offendat
1512 3403 1768 3464 amicum

319 3491 595 3553 Postulat
644 3490 916 3572 ignoscet
944 3487 1211 3550 verrucis
1240 3487 1397 3550 illius
1421 3509 1436 3562 ;
1481 3509 1740 3570 aequum
1769 3493 1862 3550 est

320 3576 597 3640 Peccatis
627 3576 863 3638 veniam
894 3579 1237 3655 poscentem
1266 3573 1521 3636 reddere
1553 3595 1780 3636 rursus.

320 3662 622 3746 Denique,
652 3667 945 3744 quatenus
977 3659 1171 3720 excidi
1200 3661 1436 3742 penitus
1471 3660 1675 3723 vitium
1706 3659 1827 3722 irae

2329 612 2391 690 49

2327 1039 2394 1090 45

2329 3167 2389 3214 70
