2675 4409
377 236 503 301 186
1003 297 1007 301 ,
1194 251 1637 300 mus-romaum

377 405 512 478 Quo
535 405 728 476 ⁴semel
756 411 849 469 est
876 403 1104 469 imbuta
1132 427 1346 469 recens
1399 405 1662 468 servabit
1690 403 1931 468 odorem

375 491 562 554 Testa
590 490 712 554 diu.
804 490 1030 564 Quodsi
1061 512 1258 554 cessas
1288 499 1395 554 aut
1423 498 1703 562 strenuus
1732 490 1947 569 anteis,

374 575 512 640 Nec
546 576 788 640 tardum
819 576 1094 661 opperior
1121 598 1234 640 nec
1263 577 1761 662 praecedentibus
1788 576 1967 639 insto.

965 999 1546 1067 EPISTOLA
1660 1001 1852 1068 ΙΙΙ.

370 1177 417 1242 J
418 1191 528 1238 ΠΗ
554 1172 794 1253 FLORE,
823 1169 1038 1257 q'uibus
1066 1178 1365 1236 terrarum
1392 1172 1609 1236 militet
1636 1172 1754 1238 oris

375 1260 664 1328 Claudius
692 1259 960 1342 Augusti
987 1260 1320 1343 privignae,
1350 1258 1505 1322 scire
1535 1259 1759 1323 laboro.

374 1345 689 1410 Thracane
719 1365 824 1408 vos
854 1343 1218 1428 Hebrusque
1247 1343 1431 1407 nivali
1460 1345 1745 1428 compede
1776 1344 2035 1426 vinctuS,

371 1430 478 1494 An
507 1431 666 1493 freta
692 1430 918 1493 vicinas
947 1429 1106 1493 inter
1135 1429 1439 1493 currentia
1466 1435 1687 1510 turreS‚

371 1515 477 1578 An
506 1515 758 1597 pingues
787 1514 975 1577 Asiae
1005 1513 1199 1597 campi
1229 1515 1529 1596 collesque
1566 1513 1925 1578 morantur?

374 1598 535 1672 Quid
564 1599 828 1663 studiosa
858 1599 1066 1662 cohors
1095 1619 1343 1681 operum
1372 1597 1595 1662 struit?
1620 1599 1753 1662 Hoc
1783 1621 2019 1684 quoque
2065 1622 2229 1667 curo.

374 1684 521 1757 Quis
551 1685 662 1747 sibi
690 1705 788 1746 res
818 1690 1020 1766 gestas
1048 1683 1315 1764 Augusti
1345 1683 1607 1746 scribere
1636 1685 1861 1748 sumit?

371 1769 548 1832 Bella
577 1769 709 1851 quis
740 1775 802 1831 et
830 1789 1021 1850 paces
1038 1769 1283 1851 longum
1311 1767 1589 1831 diffundit
1613 1768 1678 1830 in
1711 1769 1973 1835 aevum?

374 1852 533 1927 Quid
564 1853 758 1917 Titius
787 1854 1060 1916 Romana
1085 1854 1254 1917 brevi
1282 1859 1571 1916 venturus
1592 1853 1655 1916 in
1682 1873 1788 1917 ora
1814 1853 1841 1918 ‘2

373 1939 678 2002 Pindarici
707 1939 884 2002 fontis
914 1939 1019 2022 qui
1050 1960 1169 2002 non
1199 1939 1485 2021 expalluit
1510 1939 1781 2020 haustus,

372 2023 670 2088 Fastidire
699 2025 866 2086 lacus
897 2031 960 2086 et
985 2023 1144 2087 rivos
1174 2044 1355 2086 ausus
1384 2022 1671 2106 apertos?

372 2108 468 2173 Ut
496 2105 707 2172 valet?
743 2115 814 2172 ut
841 2109 1110 2172 meminit
1135 2109 1322 2173 nostri
1348 2107 1373 2172 ⁴?
1459 2106 1783 2172 Fidibusne
1828 2109 2059 2176 Latinis

373 2194 688 2259 Thebanos
718 2201 926 2278 aptare
954 2195 1160 2258 modos
1189 2194 1395 2258 studet
1423 2195 1664 2279 auspice
1698 2193 1903 2278 Musa,

373 2280 482 2344 An
509 2281 743 2362 tragica
773 2280 1043 2344 desaevit
1074 2287 1136 2343 et
1165 2280 1527 2364 ampullatur
1552 2279 1617 2344 in
1644 2287 1773 2344 arte
1801 2280 1826 2345 ⁴?

375 2363 536 2438 Quid
560 2366 702 2428 mihi
750 2363 963 2429 Celsus
989 2366 1118 2448 agit
1145 2363 1172 2428 ’ἒ
1213 2365 1476 2429 monitus
1504 2367 1883 2450 multumque
1912 2365 2247 2432 monendus

373 2450 651 2514 Privatae
680 2458 751 2514 ut
779 2457 1032 2533 quaerat
1059 2470 1219 2532 opes,
1232 2457 1296 2513 et
1322 2457 1573 2532 tangere
1605 2449 1759 2514 vitet

377 2534 642 2619 Scripta·
666 2536 978 2600 Palatinus
1007 2555 1405 2620 quaecunque
1450 2535 1681 2618 recepit
1706 2535 1947 2622 Apollo,

372 2619 474 2685 Ne
527 2622 580 2684 si
607 2622 761 2684 forte
791 2643 930 2686 suas
958 2621 1282 2706 repetitum
1303 2620 1538 2684 venerit
1566 2620 1704 2685 olim

375 2705 542 2770 Grex
571 2707 768 2770 avium
797 2705 1028 2790 plumas
1080 2712 1318 2770 moveat
1346 2706 1651 2770 cornicula
1676 2705 1862 2770 risum

371 2791 637 2855 Furtivis
665 2792 889 2855 nudata
919 2793 1212 2856 coloribus
1237 2791 1264 2854 ⁴?
1350 2791 1493 2875 Ipse
1527 2792 1672 2876 quid
1702 2787 1938 2856 audes?

374 2874 544 2949 Quae
577 2877 1012 2940 circumvolitas
1056 2879 1228 2959 agilis
1257 2877 1517 2960 thyma?
1605 2878 1670 2941 N
1672 2899 1747 2940 on
1777 2878 1885 2940 tibi
1914 2897 2166 2960 parvum

371 2961 714 3044 Ingenium,
743 2983 861 3024 non
889 2961 1180 3024 incultum
1210 2968 1303 3024 est
1331 2968 1397 3023 et
1424 2963 1680 3044 turpiter
1707 2955 1947 3026 hirtum.

377 3045 502 3110 Seu
529 3047 794 3126 linguam
824 3045 1048 3108 caussis
1079 3046 1244 3108 acuis
1271 3065 1382 3108 seu
1410 3046 1601 3108 civica
1618 3047 1762 3130 jura

371 3129 760 3213 Respondere
791 3151 967 3211 paras
996 3151 1105 3191 seu
1135 3129 1338 3192 condis
1369 3131 1619 3192 amabile
1651 3151 1913 3207 carmen,

371 3215 576 3278 Prima
602 3214 762 3276 feres
790 3213 1050 3276 hederae
1081 3214 1344 3277 victricis
1372 3215 1656 3295 praemia.
1749 3213 1975 3287 Quodsi

369 3300 620 3383 Frigida
649 3320 927 3362 curarum
957 3298 1222 3360 fomenta
1248 3299 1587 3381 relinquere
1617 3320 1821 3382 posses

372 3384 506 3459 Quo
535 3394 597 3449 te
631 3385 902 3449 caelestis
931 3383 1225 3465 sapientia
1253 3383 1507 3448 duceret
1556 3385 1697 3448 ires.

371 3471 508 3538 Hoc
540 3493 709 3555 opus,
739 3473 851 3534 hoc
881 3469 1142 3533 studium
1172 3469 1344 3552 parvi
1372 3491 1757 3552 properemus
1786 3476 1851 3536 et
1878 3471 2057 3556 ampli

375 3557 440 3623 Si
472 3558 698 3642 patriae
729 3558 1022 3634 volumuS,
1051 3555 1102 3618 si
1129 3554 1298 3618 nobis
1325 3555 1529 3619 vivere
1561 3557 1705 3620 cari.

370 3644 578 3709 Debes
605 3644 718 3706 hoc
750 3643 930 3705 etiam
959 3641 1314 3720 rescribere,
1359 3641 1411 3706 si
1450 3641 1558 3704 tibi
1588 3663 1769 3705 curae

372 3728 648 3804 Quantae
679 3725 994 3794 conveniat
1018 3724 1363 3806 Munatius3
1409 3747 1488 3790 an
1515 3729 1670 3792 male
1700 3733 1865 3792 sarta

2384 1963 2446 2012 10

2382 2390 2446 2438 15
