2675 4409
325 248 456 314 204
1125 255 1571 308 nrxsromuu

327 413 452 479 Sed
481 414 700 478 tacitus
729 411 896 497 pasci
923 411 976 476 si
1004 418 1206 496 posset
1234 433 1451 477 corvus
1478 411 1732 476 haberet

322 502 470 565 Plus
500 500 670 584 dapis
699 507 763 562 et
790 500 955 562 rixae
985 500 1170 562 multo
1198 500 1395 562 minus
1424 498 1823 582 invidiaeque.

321 585 713 650 Brundisium
743 605 940 648 comes
969 592 1077 648 aut
1107 583 1467 648 Surrentum
1496 584 1714 647 ductus
1743 605 2079 666 amoenum,-

322 672 441 746 Qui
471 672 744 755 queritur
772 670 1034 734 salebras
1066 677 1130 733 et
1168 672 1453 734 acerbum
1481 671 1675 752 frigus
1704 679 1767 732 et
1796 671 2039 749 imbres,

319 759 454 820 Aut
483 758 693 820 cistam
724 757 1030 819 effractam
1061 763 1124 820 et
1152 757 1451 820 subducta
1480 756 1699 819 viatica
1726 757 1943 839 plorat,

319 843 489 906 Nota
515 843 703 906 refert
730 842 1064 905 meretricis
1093 843 1393 920 acumina,
1426 862 1611 924 saepe
1642 843 1943 922 catellam,

325 926 522 1012 Saepe
552 928 969 1012 periscelidem
997 935 1234 1011 raptam
1263 929 1376 991 sibi
1403 927 1624 1006 flentis,
1654 928 1744 990 uti
1771 948 1911 990 mox

319 1013 510 1077 Nulla
535 1013 687 1077 fides
717 1013 950 1077 damnis
977 1015 1258 1097 verisque
1289 1013 1589 1076 doloribus
1620 1013 1795 1076 adsit.

318 1099 384 1162 N
387 1121 456 1163 ec
487 1100 672 1162 semel
703 1099 914 1163 irrisus
943 1099 1132 1162 triviis
1161 1101 1438 1162 attollere
1470 1105 1647 1162 curat

317 1184 538 1248 Fracto
568 1206 743 1248 crure
775 1186 1041 1269 planum,
1072 1185 1218 1249 licet
1247 1186 1334 1248 illi
1366 1185 1621 1269 plurima
1648 1189 1855 1248 manet

317 1269 618 1351 Lacrima,
649 1292 758 1354 per
786 1279 1060 1334 sanctum
1078 1272 1321 1356 juratus
1352 1271 1515 1335 dicat
1548 1269 1805 1334 Osirim:

318 1360 358 1392 ‘⁶
385 1357 630 1420 Credite
659 1378 779 1419 non
807 1358 988 1433 ludo;
1036 1357 1337 1436 crudeleS,
1368 1357 1556 1420 tollite
1588 1354 1937 1420 claudum.’'

290 1445 359 1478 ·“
388 1439 626 1516 Quaere
656 1442 1106 1526 peregxinum,'’
1140 1444 1361 1507 vicinia
1387 1463 1573 1507 rauca
1604 1443 1912 1506 reclamat.

263 1839 469 2017 ᾖ
899 1857 1411 1926 EPISTOLA
1462 1813 1803 1924 'xvm

316 2047 392 2112 SI
419 2047 572 2112 bene
605 2055 664 2112 te
694 2048 832 2125 novi
861 2053 1115 2127 metues,
1145 2046 1445 2110 liberrime
1476 2044 1653 2125 Lolli,

315 2131 659 2198 Sem-rantis
689 2135 949 2218 speciem
981 2134 1266 2217 praebere
1298 2133 1601 2216 professus
1632 2131 1913 2197 amicum.

313 2218 403 2283 Ut
431 2225 702 2284 matrona
732 2220 1032 2284 meretrici
1062 2220 1267 2303 dispar
1296 2219 1411 2282 erit
1441 2226 1622 2302 atque

311 2303 606 2386 Discolor,
638 2308 826 2402 issssdq
848 2328 1092 2400 scurrae
1126 2306 1374 2369 distabit
1409 2306 1651 2368 amicuS.

309 2389 425 2455 Est
454 2391 594 2455 huic
626 2392 934 2456 diversum
961 2392 1100 2455 vitio
1132 2392 1345 2454 vitium
1373 2411 1558 2473 prope
1594 2390 1809 2473 majus,

307 2477 624 2559 Asperitas
656 2479 908 2561 agrestis
941 2488 1003 2540 et
1031 2477 1389 2540 inconcinna
1420 2476 1763 2558 gravisque,

309 2559 478 2634 Quae
509 2585 574 2627 se
605 2565 984 2627 commendat
1011 2570 1183 2626 tonsa
1213 2568 1377 2639 cute,
1407 2560 1686 2624 dentibus
1716 2561 1887 2641 atriS,

306 2646 468 2710 Dum
501 2650 628 2712 vult
657 2651 900 2718 libertas
929 2649 1049 2712 dici
1078 2667 1245 2713 mera
1274 2667 1535 2730 veraque
1566 2647 1777 2712 virtus.
1812 2716 1836 2737 F
1856 2717 1923 2730 Μ

306 2730 521 2796 Virtus
551 2743 644 2798 est
669 2737 931 2803 medium
962 2736 1240 2799 vitiorum
1269 2742 1334 2798 et
1362 2734 1643 2816 utrinque
1674 2719 2015 2813 reffu‘ctum.

306 2818 486 2882 Alter
514 2819 577 2882 in
607 2821 956 2905 obsequium
985 2823 1120 2904 plus
1151 2842 1347 2904 aequo
1374 2841 1597 2904 pronus
1628 2827 1693 2885 et
1718 2820 1823 2886 imi

304 2901 554 2968 Derisor
581 2906 724 2969 lecti
753 2907 839 2969 sic
869 2914 1083 2969 nutum
1113 2906 1314 2970 divitis
1343 2906 1569 2979 horret,

309 2986 409 3052 Sic
438 2989 619 3052 iterat
647 3011 824 3054 voees
855 2997 918 3053 et
947 2992 1130 3055 verba
1160 2991 1439 3054 cadentia
1469 2991 1639 3066 tollit,

303 3073 395 3136 Ut
423 3095 674 3154 puerum
703 3095 886 3138 saevo
915 3076 1128 3138 eredas
1157 3075 1387 3138 dictata
1414 3075 1699 3157 magistro

304 3157 589 3220 Reddere
621 3160 716 3220 vel
749 3167 950 3242 partes
979 3161 1223 3222 mimum
1253 3167 1516 3222 tractare
1547 3160 1845 3224 secundas

302 3243 484 3305 Alter
513 3243 744 3306 rixatur
774 3244 848 3305 de
879 3244 1018 3306 lana
1047 3265 1226 3327 saepe
1259 3243 1525 3327 caprina,

302 3327 655 3412 Propugnat
681 3329 855 3412 nugis
887 3338 1188 3394 armatus:
1236 3335 1276 3366 ‘⁶
1304 3329 1551 3394 Scilicet
1579 3337 1647 3394 ut
1676 3352 1795 3394 non

303 3413 398 3478 Sit
428 3416 572 3479 mihi
604 3416 791 3499 prima
819 3415 992 3493 fides,
1022 3424 1085 3478 et
1114 3437 1256 3480 vere
1289 3417 1448 3500 quod
1478 3420 1679 3500 placet
1705 3425 1775 3480 ut
1802 3439 1922 3482 non

298 3502 548 3565 Acriter
578 3505 827 3566 elatrcm
853 3503 866 3567 1
959 3503 1229 3566 Pretium
1261 3511 1429 3566 aetas
1460 3506 1651 3568 altera
1680 3504 1948 3567 sordet.”

297 3587 649 3670 Ambigitur
677 3589 821 3671 quid
853 3589 1008 3652 enim
1033 3589 1059 3652 ⁴?
1153 3588 1368 3653 Castor
1392 3590 1555 3653 sciat
1582 3611 1661 3654 an
1690 3589 1975 3654 Dolichos
2004 3593 2139 3676 plus
2162 3611 2183 3670 3

297 3671 686 3738 ‘Brundisium
715 3674 948 3738 Minuci
975 3677 1189 3740 melius
1220 3677 1316 3740 via
1347 3675 1531 3741 ducat
1560 3698 1638 3740 an
1666 3675 1855 3759 Appi.

299 3756 495 3831 Quem
524 3761 809 3825 damnosa
837 3761 1074 3842 VenuS,
1103 3783 1284 3846 quem
1311 3783 1607 3851 praeceps
1636 3763 1771 3828 alea
1798 3761 2013 3844 nudat,

2214 1635 2221 1653 ὖ

2142 1661 2209 1675 οι
2292 1669 2299 1680 ,

2174 1695 2191 1711 r·
2260 1711 2295 1719 θ’
2414 1701 2453 1710 ’β

2116 1708 2263 1820 Ι...
2342 1713 2419 1742 αξ

2200 1757 2205 1765 ,

2324 2842 2389 2891 lo

2320 3269 2383 3319 15
