2675 4409
356 251 440 316 80

1222 262 1566 309 mmmmm
1663 309 1669 312 .

974 583 1429 652 GARMEN
1485 581 1814 650 XXIX.

698 927 1062 1001 TYRRmA
1089 947 1301 1008 regum
1323 924 1664 1008 progenieS,
1692 923 1802 988 tibi

697 1013 841 1080 Non
872 1020 1011 1078 ante
1040 1033 1213 1074 verso
1239 1011 1378 1074 lene
1406 1032 1636 1074 merum
1665 1009 1816 1074 cado

784 1093 1131 1176 Oum'flore,
1160 1094 1510 1175 Maecenas,
1538 1116 1806 1159 rosarum
1857 1100 1925 1160 et

866 1181 1089 1246 Pressa.
1116 1181 1235 1244 tuis
1264 1181 1516 1244 balanus
1543 1181 1775 1264 capillis

697 1269 744 1334 J
744 1268 1069 1334 amdudum
1098 1266 1257 1350 apud
1286 1288 1383 1329 me
1414 1273 1527 1329 est.
1615 1265 1802 1350 Eripe
1832 1271 1894 1328 te
1922 1283 2165 1346 morae3

697 1355 801 1422 Ne
831 1375 1070 1438 semper
1096 1352 1284 1415 udum
1312 1351 1500 1416 Tibur
1530 1358 1592 1415 et
1619 1351 1888 1415 Aesulae

780 1440 1032 1505 Declive
1062 1437 1480 1520 contempleris
1509 1458 1718 1500 arvum
1747 1443 1812 1500 et

868 1522 1155 1604 Telegoni
1173 1523 1327 1605 juga
1357 1521 1711 1606 parricidae.

697 1607 1095 1672 Fastidiosam
1123 1605 1333 1670 desere
1367 1607 1594 1690 copiam
1623 1614 1688 1670 et

695 1692 921 1757 Molem
948 1691 1341 1776 propinquam
1371 1692 1627 1756 nubibus
1649 1691 1890 1768 ardui33

790 1776 1017 1841 Omitte
1044 1775 1247 1839 mirari
1282 1776 1497 1840 beatae

875 1863 1134 1927 Fumum
1164 1868 1227 1925 et
1254 1883 1398 1946 opes
1427 1861 1860 1947 strepitumque
1889 1861 2143 1926 Romae.

698 1947 1064 2032 Plerumque
1094 1956 1303 2031 gratae
1334 1948 1614 2012 divitibus
1643 1948 1829 2027 vices,

697 2033 1087 2117 Mundaeque
1116 2055 1301 2117 parvo
1328 2033 1439 2096 sub
1468 2035 1596 2096 lare
1625 2053 1956 2118 pauperum

786 2119 1023 2184 Coenae
1055 2118 1181 2182 sine
1212 2119 1436 2182 aulaeis
1466 2126 1528 2182 et
1556 2126 1716 2182 ostro

867 2203 1194 2268 Sollicitam
1224 2204 1562 2288 explicuere
1595 2203 1873 2267 frontem.

698 2290 745 2355 J
747 2311 841 2353 am
870 2291 1069 2354 clarus
1098 2291 1398 2353 occultum
1425 2288 1851 2352 Andromedae
1882 2293 2060 2373 pater

702 2374 989 2439 Ostendit
1014 2375 1237 2456 ignem,
1257 2374 1387 2457 jam
1417 2374 1694 2458 Procyon
1722 2372 1872 2437 furit

780 2457 866 2522 Et
894 2459 1069 2521 stella.
1096 2459 1300 2520 vesani
1330 2458 1572 2537 LeoniS,

872 2541 1011 2607 Sole
1042 2541 1169 2605 dies
1191 2542 1490 2606 referente
1520 2543 1729 2606 siccos.

694 2629 741 2694 J
742 2649 838 2692 am
869 2635 1074 2712 pastor
1100 2627 1344 2692 umbras
1375 2649 1512 2692 eum
1541 2649 1727 2712 grege
1754 2627 2041 2712 languido

691 2715 1032 2797 Rivumque
1061 2714 1255 2778 fessus
1284 2716 1524 2796 quaerit
1551 2723 1614 2778 et
1641 2714 1867 2779 horridi

774 2800 1040 2865 Dumeta
1072 2798 1318 2882 Silvani,
1389 2807 1674 2885 caretque

865 2886 1026 2968 Ripa
1049 2886 1216 2970 vagis
1244 2887 1551 2950 taciturna
1579 2886 1798 2950 ventis.

692 2969 787 3033 Tu
838 2970 1142 3033 civitatem
1166 2972 1299 3054 quis
1328 2971 1548 3036 deceat
1574 2979 1768 3034 status

694 3054 887 3118 Curas
916 3061 978 3118 et
1006 3055 1161 3120 Urbi
1192 3057 1476 3120 sollicitus
1505 3056 1678 3118 times

781 3139 940 3214 Quid
974 3139 1154 3205 Seres
1185 3149 1247 3204 et
1275 3148 1530 3222 regnata
1561 3138 1721 3222 Cyro

863 3227 1091 3289 Bactra
1118 3231 1333 3308 parent
1363 3223 1696 3306 Tanaisque
1727 3219 1977 3285 discors.

690 3309 969 3374 Prudens
996 3311 1182 3372 futuri
1214 3310 1495 3391 temporis
1525 3309 1748 3370 exitum

693 3392 1033 3477 caliginosa
1058 3402 1233 3457 nocte
1263 3394 1481 3477 premit
1510 3394 1681 3473 deuS,

776 3481 1083 3562 Ridetque
1136 3480 1186 3542 si
1214 3480 1480 3542 mortalis
1507 3479 1668 3543 ult-ra

860 3565 981 3627 Fas
1010 3563 1291 3647 trepidat.
1383 3564 1556 3639 Quod
1586 3565 1757 3629 adest
1783 3567 2084 3628 memento

694 3645 1061 3734 Componere
1093 3670 1319 3734 aequus
1356 3669 1375 3728 ;
1409 3659 1612 3715 cetera
1638 3649 1895 3713 fluminis

692 3733 843 3799 Ritu
868 3737 1165 3817 feruntur,
1194 3758 1354 3813 nunc
1383 3738 1578 3802 medio
1607 3756 1866 3820 aequore

2365 2135 2428 2186 15
