2675 4409
413 246 608 311 ⁷4.

1216 330 1232 345 .
1283 261 1633 310 cABMINIm

925 414 1185 479 Mollivit
1212 435 1453 479 aversos
1480 415 1745 480 Penates

1006 501 1197 564 Farre
1226 502 1326 586 pio
1356 508 1420 564 et
1446 503 1695 566 saliente
1722 501 1901 566 mica.
2430 523 2499 572 20

989 918 1459 986 GARMEN-
1520 918 1826 988 XXIV.
1893 871 1907 884 ’

837 1263 1142 1328 ῙΝΤΑΟΤΙΒ
1173 1262 1509 1347 opulentior
1739 1313 1748 1321 .

753 1350 1076 1415 Thesauris
1103 1348 1378 1412 Arabum
1408 1355 1471 1412 et
1500 1347 1701 1414 divitis
1728 1347 1939 1415 Indiae

843 1434 1186 1499 Caementis
1211 1435 1357 1498 licet
1384 1453 1641 1516 occupes

751 1520 1131 1606 Tyrrhenum
1161 1541 1334 1584 omne
1364 1519 1484 1582 tuis
1516 1527 1581 1582 et
1606 1540 1771 1584 mare
1798 1520 2150 1610 Apulicum,

841 1604 907 1667 Si
934 1604 1068 1686 figit
1095 1604 1503 1668 adamantinos
2460 1629 2497 1680 5

755 1688 1016 1754 Summis
1045 1688 1367 1752 verticibus
1398 1689 1529 1753 dira
1556 1687 1905 1754 Necessitas

841 1773 1080 1851 Clavoe,
1108 1796 1229 1838 non
1259 1775 1519 1838 animum
1546 1783 1735 1855 metu,

749 1859 894 1925 Non
919 1860 1126 1923 mortis
1154 1861 1383 1944 laqueis
1414 1859 1697 1942 expedies
1725 1866 1929 1946 caput.

841 1943 1222 2028 Campestres
1250 1946 1463 2010 melius
1488 1943 1754 2028 Scythae

751 2029 1019 2106 Quorum
1047 2033 1314 2115 plaustra
1344 2051 1529 2113 vagas
1558 2031 1675 2094 rite
1706 2031 1955 2096 trahunt
1981 2032 2185 2098 domos
2422 2055 2489 2106 ιο

837 2115 1097 2197 Vivunt,
1128 2124 1192 2180 et
1221 2117 1399 2200 rigidi
1431 2115 1625 2180 Getae

748 2202 1072 2268 Immetata
1101 2204 1314 2286 quibus
1334 2203 1557 2286 jugera
1584 2200 1804 2265 liberas

836 2288 1072 2370 Fruges
1103 2295 1165 2351 et
1197 2287 1483 2352 Cererem
1510 2288 1733 2368 ferunt,

749 2372 887 2438 Nec
918 2375 1156 2436 cultura
1183 2374 1385 2456 placet
1408 2371 1643 2454 longior
1670 2393 1892 2453 annua,

834 2457 1323 2540 Defunctumque
1354 2457 1653 2522 laboribus
2426 2481 2489 2531 μς

745 2542 1012 2624 Aequali
1039 2548 1278 2606 recreat
1303 2549 1465 2606 sorte
1496 2541 1773 2607 vicarius.

833 2627 968 2692 Illic
995 2634 1188 2691 matre
1219 2628 1563 2706 carentibus

748 2711 1050 2796 Privignis
1075 2714 1292 2777 mulier
1317 2719 1614 2798 temperat
1640 2713 1949 2794 innocens,

832 2797 970 2863 Neo
999 2800 1206 2863 dotata
1233 2800 1393 2882 regit
1419 2801 1611 2865 virum

746 2884 982 2969 Conjux
1029 2905 1144 2949 nec
1171 2886 1361 2949 nitido
1387 2886 1522 2951 fidit
1555 2885 1849 2953 adultero.
2414 2905 2484 2954 20

829 2970 958 3033 Dos
987 2978 1080 3032 est
1107 2992 1328 3052 magna
1356 2971 1691 3054 parentium

743 3053 960 3117 Virtus
1013 3060 1078 3117 et
1105 3059 1381 3118 metuens
1410 3055 1654 3118 alterius
1681 3053 1794 3116 viri

833 3137 1016 3202 Certo
1039 3141 1282 3202 foedere
1313 3139 1558 3204 castitas
1584 3157 1602 3215 3

739 3221 826 3287 Et
852 3243 1106 3306 peccare
1136 3225 1305 3287 nefas
1360 3231 1467 3288 aut
1491 3222 1749 3307 pretium
1778 3229 1873 3292 est
1898 3222 2070 3288 mori.

831 3307 885 3372 O
917 3308 1184 3392 quisquis
1213 3310 1375 3372 volet
1401 3309 1613 3392 impias
2412 3329 2481 3378 25

745 3392 980 3458 Caedes
1008 3402 1072 3458 et
1098 3395 1324 3458 rabiem
1355 3396 1564 3460 tollere
1594 3395 1867 3474 civicam,

830 3477 895 3541 Si
927 3488 1178 3562 quaeret
1208 3481 1431 3546 PATER
1458 3497 1714 3544 URBIUM

741 3561 1048 3629 Subscribi
1081 3567 1315 3645 statuis,
1346 3566 1693 3633 indomitam
1721 3565 1945 3632 audeat

827 3650 1164 3716 Refrenare
1191 3653 1515 3730 licentiam,

741 3733 956 3800 Clarus
985 3739 1338 3823 postgenitis
1366 3759 1385 3818 ;
1420 3743 1739 3822 quatenuS‚
1764 3737 1884 3800 heu
1911 3733 2118 3802 nefas!
2410 3757 2476 3806 3ο
