2675 4409
345 297 430 370 60

1210 314 1559 360 CARMINUM

684 466 893 529 Motus
923 466 1126 530 doceri
1155 468 1385 550 gaudet
1412 466 1649 529 Ionicos

684 552 934 617 Matura
964 552 1134 635 virgo
1186 561 1250 615 et
1276 552 1527 635 fingitur
1556 552 1823 633 artibus;

766 637 813 701 J
815 659 912 700 am
940 658 1102 701 nunc
1131 646 1196 701 et
1223 638 1482 701 incestos
1508 658 1744 699 amores

858 722 955 785 De
985 729 1196 785 tenero
1224 724 1554 786 meditatur
1579 722 1811 805 ungui:

686 806 834 871 Mox
853 808 1122 892 juniores
1152 809 1391 891 quaerit
1418 808 1723 871 adulteros

683 892 857 957 Inter
883 893 1081 957 mariti
1110 893 1272 972 vina,
1301 914 1499 975 neque
1530 892 1699 975 eligit

773 976 888 1041 Cui
917 978 1100 1041 donet
1125 978 1497 1061 impermissa
1527 978 1748 1061 raptim

860 1061 1100 1126 Gaudia
1149 1063 1470 1127 luminibus
1500 1063 1783 1138 remotis3

689 1145 814 1211 Sed
833 1147 1006 1231 jussa
1033 1169 1234 1212 coram
1263 1169 1383 1212 non
1414 1148 1541 1211 sine
1570 1147 1807 1212 conscio

689 1230 901 1315 Surgit
928 1233 1164 1310 marito,
1194 1254 1302 1297 seu
1331 1242 1509 1297 vocat
1536 1233 1773 1297 institor

775 1316 900 1381 Seu
929 1319 1098 1382 navis
1128 1318 1439 1403 Hispanae
1468 1319 1776 1402 magister,

859 1402 1240 1467 Dedecorum
1269 1404 1565 1487 pretiosus
1594 1410 1849 1488 emptor.

684 1485 830 1550 Non
855 1487 949 1551 his
967 1490 1258 1573 juventus
1288 1498 1419 1551 orta
1448 1489 1795 1571 parentibus

685 1572 910 1635 Infecit
938 1594 1164 1656 aequor
1191 1573 1489 1655 sanguine·
1512 1574 1765 1653 Punice,

768 1656 1194 1740 Pyrrhumque
1227 1666 1290 1721 et
1315 1658 1623 1741 ingentem
1652 1657 1873 1723 cecidit

850 1741 1218 1805 Antiochum
1269 1742 1792 1827 Hannibalemque
1822 1743 2059 1822 dirum3

689 1822 815 1889 Sed
843 1827 1202 1891 rusticorum
1231 1830 1499 1891 mascula
1524 1830 1778 1893 militum

681 1910 916 1992 Proles,
951 1912 1203 1976 Sabellis
1234 1913 1414 1977 docta
1441 1914 1737 1997 ligonibus

772 1997 1276 2081 Versare-glebas
1329 2007 1393 2062 et
1422 2020 1669 2062 severae

855 2082 1074 2147 Matris
1104 2085 1182 2147 ad
1213 2084 1522 2147 arbitrium
1551 2084 1773 2148 recisos

684 2169 940 2233 Portare
969 2170 1183 2248 fustes,
1207 2171 1293 2232 sol
1320 2170 1424 2232 ubi
1454 2170 1741 2233 montium

684 2255 960 2320 Mutaret
989 2256 1227 2319 umbras
1257 2261 1320 2317 et
1338 2256 1493 2339 juga
1522 2255 1792 2319 demeret

767 2340 974 2403 Bobus
1002 2340 1293 2423 fatigatis,
1323 2340 1578 2402 amicum

854 2424 1116 2508 Tempus
1145 2446 1332 2506 agens
1360 2424 1619 2486 abeunte
1650 2445 1858 2489 curru.

682 2508 989 2573 Damnosa
1018 2509 1162 2592 quid
1192 2530 1312 2572 non
1340 2508 1635 2571 imminuit
1664 2508 1840 2574 dies?

681 2594 880 2660 Aetas
909 2601 1226 2678 parentum
1279 2595 1447 2679 pejor
1477 2594 1604 2657 avis
1656 2594 1795 2659 tulit

766 2680 898 2745 Nos
925 2680 1265 2764 nequiores,
1293 2701 1431 2743 mox
1461 2679 1707 2743 daturos
1730 2735 1735 2739 .

848 2764 1211 2850 Progeniem
1240 2765 1623 2831 vitiosiorem.

1009 3185 1476 3250 CARMEN
1532 3184 1753 3252 VII.

685 3523 855 3598 QUID
884 3525 1015 3605 fles,
1045 3526 1312 3606 Asterie,
1345 3549 1525 3611 quem
1555 3526 1661 3590 tibi
1694 3524 1935 3590 candidi

682 3609 888 3674 Primo
921 3612 1242 3679 restituent
1271 3634 1413 3675 vere
1444 3612 1696 3676 Favonii

772 3697 990 3779 Thyna
1019 3719 1218 3761 merce
1245 3698 1513 3776 beatum,

853 3782 1195 3847 Constantis
1214 3784 1501 3868 juvenem
1530 3780 1676 3861 fide,

2365 1252 2428 1303 ξ(
