2675 4409
997 292 1128 340 ΗΒ.
1172 292 1222 339 1.
1269 292 1470 340 EPIST.
1517 293 1568 342 1.

244 446 307 513 N
306 443 465 526 enia,
491 467 648 532 quae
679 467 934 529 regnum
963 452 1129 509 recte
1157 446 1516 510 facientibus
1545 448 1739 530 offert,

241 532 324 597 Et
351 534 619 597 maribus
649 532 845 595 Curiis
877 537 940 594 et
970 532 1292 595 decantata
1323 530 1639 597 Camillis?

239 619 380 683 Isne
413 619 519 681 tibi
549 618 760 681 melius
790 616 1005 680 suadet
1058 618 1160 699 qui
1190 639 1318 680 rem
1345 617 1554 698 facias,
1583 640 1734 699 rem,

243 703 306 767 Si
335 705 528 788 possis
581 710 772 781 recte,
801 703 851 766 si
880 724 998 764 non
1050 723 1411 786 quocunque
1457 704 1631 767 modo
1661 726 1813 786 rem,

237 788 330 853 Ut
357 791 602 874 propius
632 796 868 871 spectes
911 786 1230 851 lacrimosa
1259 790 1532 871 poemata
1565 789 1748 877 Pupi,

233 875 340 938 An
371 876 477 958 qui
529 874 830 937 Fortunae
863 879 924 936 te
953 893 1301 955 responsare
1333 875 1625 956 superbae

236 959 523 1023 Liberum
555 966 617 1022 et
646 966 912 1021 erectum
960 978 1243 1041 praesens
1271 958 1545 1021 hortatur
1574 967 1636 1023 et
1664 959 1881 1043 aptat?

236 1044 466 1117 Quodsi
495 1066 590 1107 me
621 1044 872 1127 populus
903 1044 1208 1109 Romanus
1236 1044 1391 1107 forte
1422 1052 1617 1126 roget,
1649 1066 1759 1108 cur

233 1130 380 1193 Non
408 1137 481 1192 ut
508 1129 831 1213 porticibus
860 1128 945 1191 sic
965 1128 1209 1212 judiciis
1238 1129 1407 1190 fruar
1434 1130 1646 1209 isdem,

233 1214 371 1279 Nec
403 1236 624 1298 sequar
653 1221 759 1277 aut
786 1214 1012 1297 fugiam
1041 1234 1196 1296 quae
1229 1213 1423 1295 diligit
1451 1214 1577 1296 ipse
1607 1216 1706 1279 vel
1733 1216 1881 1298 odit,

237 1299 398 1363 Olim
427 1300 592 1383 quod
618 1300 828 1383 vulpes
857 1306 1101 1381 aegroto
1133 1306 1314 1361 cauta
1340 1300 1498 1361 leoni

233 1386 573 1469 Respondit
622 1386 880 1448 referam
905 1407 920 1447 ε
968 1382 1125 1456 Quia
1151 1405 1247 1446 me
1277 1384 1535 1466 vestigia
1564 1391 1815 1464 terrent,

237 1470 458 1535 Omnia
490 1478 548 1534 te
575 1470 893 1534 adversum
922 1470 1277 1553 spectantia,
1308 1470 1475 1532 nulla
1501 1478 1845 1535 retrorsum.

2188 244 2313 342 183
2387 302 2393 307 ·

2243 1071 2307 1120 70

2240 1494 2305 1542 75

230 1554 435 1621 Belua
481 1557 802 1621 multorum
833 1576 897 1618 es
929 1556 1210 1639 capitum.
1246 1552 1410 1617 Nam
1440 1556 1583 1637 quid
1612 1577 1833 1640 sequar
1883 1562 1991 1621 aut
2016 1557 2241 1644 quem?

234 1641 389 1705 Pars
417 1642 722 1705 hominum
753 1642 936 1724 gestit
966 1640 1301 1703 conducere
1331 1641 1593 1723 publica,
1623 1650 1765 1707 sunt
1793 1644 1900 1728 qui

238 1727 474 1791 Crustis
504 1734 569 1790 et
597 1727 783 1811 pomis
815 1726 1024 1789 viduas
1057 1733 1356 1788 venentur
1386 1746 1620 1806 avaras,

235 1810 676 1895 Excipiantque
707 1831 880 1875 senes
910 1832 1058 1895 quos
1085 1812 1148 1873 in
1177 1810 1406 1874 vivaria
1432 1812 1713 1890 mittant3

233 1896 448 1962 Multis
479 1899 711 1961 occulto
743 1898 960 1960 crescit
989 1917 1085 1959 res
1115 1897 1343 1959 fenore.
1434 1896 1667 1960 Verum

235 1982 383 2047 Esto
438 1984 568 2047 aliis
597 1984 741 2047 alios
770 1984 948 2045 rebus
979 1982 1308 2065 studiisque
1340 1983 1531 2044 teneri
1558 2004 1574 2044 τ

237 2067 408 2133 Idem
439 2070 647 2133 eadem
680 2076 926 2152 possunt
952 2068 1158 2130 horam
1190 2068 1408 2129 durare
1438 2066 1810 2151 probantes?

234 2154 457 2218 Nullus
482 2156 545 2217 in
575 2156 715 2218 orbe
747 2153 910 2217 sinus
939 2152 1104 2215 Baiis
1135 2154 1443 2236 praelucet
1472 2154 1756 2237 amoenis,

238 2239 302 2303 Si
331 2241 483 2303 dixit
508 2240 698 2319 dives,
726 2240 893 2302 lacus
924 2245 988 2301 et
1015 2259 1178 2301 mare
1209 2240 1395 2301 sentit
1423 2260 1685 2301 amorem

231 2325 600 2389 Festinantis
626 2326 794 2402 heri3
845 2324 944 2388 cui
971 2324 1022 2385 si
1050 2324 1263 2387 vitiosa
1289 2324 1472 2388 libido

230 2408 478 2475 Fecerit
505 2411 854 2495 auspicium,
883 2412 924 2445 “
951 2406 1103 2471 Cras
1130 2408 1504 2471 ferramenta
1532 2402 1806 2472 Teanum

230 2496 502 2575 Tolletis,
533 2494 755 2559 fabri.'’
797 2494 1022 2558 Lectus
1052 2495 1300 2579 genialis
1329 2495 1392 2557 in
1421 2497 1559 2560 aula
1589 2502 1703 2580 est,

229 2581 337 2645 Nil
367 2582 457 2645 ait
486 2602 618 2645 esse
648 2580 834 2665 prius,
861 2580 1074 2644 melius
1103 2580 1186 2642 nil
1215 2580 1443 2643 caelibe
1474 2583 1598 2645 vita
1623 2602 1641 2660 3

234 2666 300 2731 Si
328 2689 452 2730 non
482 2674 576 2731 est
617 2668 788 2751 jurat
814 2666 967 2728 bene
996 2665 1132 2728 solis
1164 2684 1295 2727 esse
1323 2667 1573 2730 maritis.

232 2751 364 2825 Quo
395 2759 635 2817 teneam
665 2753 866 2816 vultus
894 2756 1224 2813 mutantem
1255 2750 1479 2814 Protea
1508 2751 1715 2816 nodo?

232 2836 392 2910 Quid
422 2836 704 2921 pauper?
791 2835 948 2900 Ride
974 2858 990 2899 ε
1039 2842 1233 2899 mutat
1261 2839 1607 2918 coenacula,
1634 2840 1845 2919 lectos,

230 2922 486 3002 Balnea,
517 2930 807 3001 tonsores,
837 2922 1132 2985 conducto
1161 2922 1401 3004 navigio
1431 2944 1623 3007 aeque

233 3007 509 3071 Nauseat
539 3028 609 3071 ac
636 3008 900 3091 locuples
953 3028 1132 3089 quem
1164 3005 1329 3069 ducit
1360 3009 1529 3091 priva
1557 3008 1835 3073 triremis.

316 3094 386 3157 Si
418 3101 662 3156 curatus
691 3093 989 3175 inaequali
1021 3096 1256 3155 tonsore
1295 3094 1536 3177 capillos

235 3177 512 3257 Occurri,
541 3179 742 3255 rides;
788 3179 838 3241 si
866 3179 1020 3241 forte
1053 3178 1343 3241 subucula
1371 3200 1561 3261 pexae

231 3265 400 3327 Trita
431 3264 637 3327 subest
661 3264 898 3327 tunicae
951 3264 1050 3326 vel
1079 3263 1129 3325 si
1159 3270 1302 3345 toga
1331 3264 1583 3329 dissidet
1610 3266 1823 3350 impar,

231 3350 421 3413 Rides
447 3374 462 3413 ε
512 3349 677 3433 quid,
707 3370 844 3413 mea
873 3370 1008 3411 cum
1039 3358 1271 3431 pugnat
1299 3353 1598 3415 sententia
1628 3372 1856 3431 secum,

233 3434 408 3508 Quod
438 3436 612 3519 petiit
639 3434 889 3518 spernit,
919 3435 1140 3517 repetit
1169 3434 1327 3517 quod
1358 3458 1551 3521 nuper
1580 3437 1798 3517 omisit,

231 3522 498 3584 Aestuat
526 3527 590 3584 et
617 3522 776 3584 vitae
807 3520 1177 3583 disconvenit
1205 3520 1413 3585 ordine
1445 3529 1590 3601 tot0,

231 3604 457 3685 Diruit,
488 3606 786 3686 aedificat,
811 3613 1007 3668 mutat
1036 3604 1332 3688 quadrata
1361 3604 1684 3670 rotundis?

232 3688 508 3756 Insanire
536 3699 714 3777 putas
743 3691 1048 3755 sollemnia
1075 3711 1172 3752 me
1224 3712 1423 3774 neque
1453 3691 1638 3773 rides»,

235 3775 370 3843 Nec
399 3778 618 3842 medici
647 3777 845 3842 credis
872 3797 986 3841 nec
1017 3778 1309 3841 curatoris
1340 3796 1521 3861 egere

2239 3200 2303 3249 95

2214 3620 2307 3671 10⁰
