2675 4409
940 291 1072 338 ns.
1117 291 1214 338 Π.
1260 290 1458 338 οΑΒΜ.
1506 291 1573 338 v.
2209 275 2291 340 89

724 443 1040 530 Defendit·
1067 450 1131 508 et
1160 465 1342 509 curae
1372 465 1623 529 sagaces
1670 453 1679 462 ‘
2226 466 2293 516 ⁷5

811 531 1160 618 Expediunt
1185 553 1296 617 per
1323 539 1505 596 acuta
1527 530 1687 596 belli.

943 959 1413 1026 CARMEN
1467 960 1555 1027 V.

545 1303 748 1368 Dms
776 1309 906 1366 orte
935 1301 1127 1382 boniS,
1157 1302 1375 1385 optime
1406 1301 1699 1371 Romulae

547 1388 764 1453 Custos
794 1388 1012 1472 gentis,
1043 1389 1186 1451 abes
1210 1388 1341 1472 jam
1370 1386 1615 1450 nimium
1644 1387 1749 1452 diu
1775 1406 1813 1466 ;·

546 1474 858 1540 Maturum
886 1473 1147 1537 reditum
1173 1473 1473 1556 pollicitus
1500 1480 1739 1557 patrum

807 1557 1029 1622 Sancto
1063 1559 1310 1622 concilio
1362 1559 1515 1622 redi.

547 1643 779 1708 Lucem
807 1643 996 1707 redde
1027 1651 1191 1724 tuae,
1222 1643 1345 1707 dux
1372 1644 1551 1723 bone,
1572 1642 1845 1728 patriae:
2247 1663 2282 1714 ὅ

547 1731 752 1795 Instar
781 1729 938 1793 veris
968 1730 1126 1792 enim
1155 1731 1356 1793 vultus
1384 1729 1485 1792 ubi
1516 1737 1656 1795 tuus

545 1813 794 1880 Affulsit
821 1816 1061 1898 popu10,
1091 1815 1320 1897 gratior
1348 1814 1397 1877 it
1425 1814 1554 1878 dies

802 1899 887 1962 Et
915 1901 1068 1963 soles
1096 1900 1306 1964 melius
1335 1900 1551 1964 nitent.

545 1984 637 2050 Ut
663 1991 860 2048 mater
877 1986 1187 2070 juvenem,
1219 2007 1398 2069 quem
1429 1986 1626 2050 Notus
1655 1983 1857 2050 invido

545 2070 728 2135 Flatu
759 2071 1068 2155 Carpathii
1098 2080 1263 2135 trans
1294 2071 1475 2134 maris
1504 2091 1767 2156 aequora
2219 2090 2285 2141 ln

548 2155 946 2222 Cunctantem
977 2158 1168 2240 spatio
1195 2157 1431 2240 longius
1460 2177 1659 2220 annuo

805 2242 987 2305 Dulci
1015 2242 1262 2306 distinet
1289 2265 1326 2306 a
1356 2241 1553 2322 domo,

544 2325 723 2392 'Votis
751 2327 1161 2410 ominibusque
1191 2335 1256 2390 et
1281 2328 1561 2412 precibus
1589 2332 1789 2410 vocat,

548 2412 750 2477 Curvo
777 2433 890 2477 nec
920 2413 1139 2476 faciem
1165 2414 1338 2476 litore
1370 2413 1692 2481 demovet:

550 2497 652 2564 Sic
683 2497 993 2563 desideriis
1021 2498 1146 2562 icta
1171 2498 1448 2563 fidelibus
2220 2513 2285 2563 15

804 2583 1056 2658 Quaerit
1085 2584 1282 2668 patria
1311 2583 1658 2648 Caesarem.

547 2670 740 2734 Tutus
767 2669 874 2734 bos
903 2669 1125 2733 etenim
1151 2691 1296 2734 rura
1315 2669 1715 2754 perambulat,

547 2755 762 2818 Nutrit
787 2775 933 2819 rura
963 2753 1149 2819 Ceres
1177 2756 1453 2840 almaque
1482 2751 1810 2833 Faustitas,

548 2840 843 2905 Pacatum
871 2841 1124 2904 volitant
1150 2863 1260 2925 per
1287 2863 1453 2904 mare
1482 2839 1747 2919 navitae,

808 2924 1055 3010 Culpari
1078 2926 1294 2990 metuit
1321 2927 1530 3009 Fides,
2217 2943 2282 2996 ω

549 3010 751 3075 Nullis
779 3011 1062 3095 polluitur
1089 3021 1259 3076 casta
1287 3012 1497 3076 domus
1526 3009 1771 3094 stupris,

548 3096 685 3160 Mos
714 3105 776 3160 et
806 3098 903 3160 lex
930 3099 1296 3161 maculosum
1327 3097 1593 3160 edomuit
1618 3096 1813 3176 nefas,

549 3181 904 3246 Laudantur
931 3183 1105 3246 simili
1135 3184 1299 3266 prole
1331 3203 1689 3267 puerperae,

806 3266 1058 3351 Culpam
1086 3289 1279 3351 poena
1306 3269 1525 3352 premit
1552 3287 1773 3331 comes·

551 3350 698 3426 Quis
728 3353 1021 3416 Parthum
1050 3362 1290 3437 paveat,
1351 3354 1484 3436 quis
1513 3353 1775 3436 gelidum
1808 3348 2104 3438 Scythen,
2214 3370 2279 3420 25

552 3437 698 3510 Quis
731 3437 1055 3502 Germania
1085 3460 1232 3521 quos
1261 3439 1505 3502 horrida
1533 3438 1793 3522 parturit

547 3522 757 3604 Fetus,
789 3524 1070 3587 incolumi
1102 3523 1416 3588 Caesare?
1461 3523 1595 3607 quis
1623 3525 1793 3588 ferae

802 3609 1042 3673 Bellum
1074 3617 1248 3673 curet
1277 3608 1619 3674 Hiberiae?

551 3693 770 3758 Condit
797 3694 1050 3778 quisque
1080 3695 1238 3758 diem
1269 3693 1517 3759 collibus
1544 3695 1607 3758 in
1636 3694 1761 3758 suis

549 3779 633 3842 Et
659 3780 844 3844 vitem
871 3781 1082 3928 vidgas
1111 3781 1280 3845 ducit
1307 3780 1387 3845 ad
1417 3781 1661 3844 arbores
1684 3799 1703 3856 3
2216 3793 2281 3843 30
