2675 4409
1103 291 1280 338 cARM
1288 291 1457 339 Imm

573 447 712 511 Hac
743 451 805 510 te
833 451 1186 524 merentem,
1214 445 1459 508 Bacche
1488 451 1684 530 pater,
1714 449 1855 513 tuae

572 532 816 598 Vexere
847 531 1033 614 tigres
1059 529 1302 594 indocili
1320 532 1539 614 jugum

661 615 831 682 Collo
859 617 1207 693 trahentes3
1250 616 1366 679 hac
1398 615 1683 689 Quirinus

743 700 962 764 Martis
990 702 1160 785 equis
1188 701 1544 764 Acheronta
1570 700 1750 784 fugit,
1866 747 1874 755 -

575 785 834 852 Gratum
867 787 1102 850 elocuta
1131 786 1577 850 consiliantibus

571 873 618 938 J
619 893 816 937 unone
847 873 1034 936 divis:
1084 872 1266 949 Ilion²
1293 871 1449 934 Ilion

658 958 888 1021 Fatalis
916 958 1298 1038 incestusque
1318 956 1513 1038 judex

744 1042 829 1104 Et
857 1042 1072 1104 mulier
1099 1041 1421 1124 peregrina
1453 1041 1637 1104 vertit

572 1126 651 1191 In
680 1126 1014 1210 pulverem,
1045 1146 1122 1189 ex
1151 1145 1269 1208 quo
1298 1125 1573 1188 destituit
1601 1126 1745 1192 deos

570 1211 862 1277 Mercede
891 1219 1070 1300 pacta
1098 1209 1463 1288 Laomedon,
1492 1211 1638 1274 mihi

663 1297 1002 1381 Castaeque
1033 1297 1381 1360 damnatum
1410 1296 1725 1360 Minervae

745 1381 899 1446 Cum
929 1382 1143 1465 populo
1173 1389 1237 1444 et
1265 1381 1421 1444 duce
1450 1375 1893 1486 fraudulento-‚J

572 1467 620 1531 J
621 1487 718 1529 am
747 1487 860 1529 nec
891 1467 1208 1529 Lacaenae
1237 1465 1515 1548 splendet
1547 1466 1857 1532 adulterae

573 1552 868 1615 Famosus
895 1550 1112 1633 hospes
1162 1571 1274 1612 nec
1307 1550 1535 1613 Priami
1566 1550 1775 1616 domus

659 1635 917 1718 Perjura
943 1654 1248 1717 pugnaces
1275 1634 1545 1698 Achivos

744 1718 1064 1782 Hectoreis
1093 1719 1302 1802 opibus
1331 1720 1633 1802 refringit,

574 1802 933 1886 Nosti-isque
965 1804 1212 1868 ductum
1241 1804 1629 1870 seditionibus

570 1887 812 1954 Bellum
841 1889 1086 1953 resedit.
1175 1889 1460 1954 Protinus
1488 1898 1553 1954 et
1580 1911 1798 1976 graves

658 1973 794 2038 Iras
845 1982 912 2038 et
939 1975 1192 2039 invisum
1220 1985 1499 2059 nepotem

748 2059 964 2124 Troica
989 2082 1172 2144 quem
1198 2062 1439 2144 peperit
1465 2061 1748 2126 sacerdos

569 2143 759 2209 Marti
788 2145 1086 2230 redonabo
1111 2167 1128 2224 ;
1171 2148 1341 2228 illum
1368 2167 1481 2230 ego
1510 2145 1741 2211 lucidas

572 2230 738 2294 Inire
767 2231 965 2312 sedes,
1005 2232 1226 2296 ducere
1254 2232 1517 2294 nectaris

663 2315 912 2394 Succos,
943 2323 1007 2379 et
1033 2317 1290 2379 adscribi
1320 2316 1539 2398 quietis

747 2399 1072 2464 Ordinibus
1099 2401 1295 2484 patiar
1325 2400 1592 2464 deorum.

573 2484 738 2566 Dum
767 2484 981 2566 longus
1008 2485 1167 2546 inter
1198 2485 1427 2548 saeviat
1456 2484 1611 2548 Ilion

570 2569 942 2652 Romamque
971 2576 1189 2652 pontus
1241 2570 1510 2652 qualibet
1537 2569 1773 2635 exsules

659 2652 738 2717 In
755 2660 926 2738 parte
956 2661 1248 2738 regnanto
1275 2655 1437 2718 beati
1459 2675 1477 2732 ;

738 2740 902 2803 Dum
931 2740 1155 2804 Priami
1184 2739 1541 2825 Paridisque
1570 2741 1747 2805 busto

573 2822 837 2888 Insultet
866 2833 1200 2890 armentum
1253 2833 1317 2890 et
1346 2829 1575 2892 catulos
1601 2829 1771 2892 ferae

578 2908 795 2973 Celent
821 2911 1044 2975 inultae
1097 2919 1219 2977 stet
1249 2911 1606 2997 Capitolium

663 2994 953 3078 FulgenS‚
985 2998 1479 3081 triumphatisque
1507 2996 1691 3078 possit

746 3082 940 3146 Roma
965 3083 1135 3146 ferox
1165 3082 1310 3144 dare
1330 3083 1474 3164 jura
1504 3080 1725 3142 Medis.

575 3163 900 3230 Horrenda
927 3170 1050 3230 late
1080 3187 1296 3229 nomen
1324 3166 1389 3226 in
1418 3165 1659 3227 ultimas

577 3247 888 3315 Extendat
915 3273 1071 3328 oras,
1102 3271 1222 3333 qua
1250 3249 1481 3312 medius
1509 3248 1705 3331 liquor

665 3334 941 3399 Secernit
971 3335 1254 3417 Europen
1283 3334 1359 3395 ab
1388 3334 1566 3413 Afro,

749 3420 884 3493 Qua
914 3419 1174 3482 tumidus
1203 3418 1362 3500 rigat
1390 3440 1535 3482 arva
1566 3418 1767 3501 Nilus,

574 3503 814 3568 Aurum
842 3505 1200 3587 irrepertum
1251 3511 1314 3566 et
1346 3505 1430 3569 sic
1460 3506 1669 3571 melius
1699 3508 1881 3574 situm

581 3589 739 3654 Cum
783 3597 950 3650 terra
991 3589 1152 3651 celat
1201 3609 1485 3672 spernere
1515 3593 1747 3674 fortior,

662 3673 859 3746 Quam
888 3693 1104 3756 cogere
1154 3674 1443 3741 humanos
1471 3679 1534 3740 in
1562 3699 1708 3741 usus

752 3757 945 3823 Omne
973 3779 1211 3824 sacrum
1239 3763 1511 3848 rapiente
1542 3764 1775 3828 dextra.

2250 642 2315 691 15

2244 2767 2311 2817 40

2244 3190 2310 3238 45
