2675 4409
1084 273 1278 327 oum.
1323 273 1429 322 111.

557 425 693 488 Has
721 424 880 489 inter
902 429 1110 510 epulas
1161 435 1232 492 ut
1249 429 1431 514 juvat
1458 436 1659 514 pastas
1687 452 1829 496 oves

643 511 874 575 Videre
906 522 1293 597 properantes
1323 515 1585 596 domum,

553 595 784 660 Videre
815 598 1003 660 fessos
1033 620 1332 662 vomerem
1360 601 1662 666 inversum
1689 601 1871 667 boves

645 681 812 744 Collo
843 683 1149 747 trahentes
1176 685 1483 766 languido,

557 763 910 850 Positosque
941 790 1178 847 vernas,
1208 770 1349 832 ditis
1380 792 1631 834 examen
1660 771 1892 853 domus,

643 851 885 914 Circum
917 854 1259 917 renidentes
1285 855 1474 918 Lares
1500 855 1515 920 ἱ

555 935 732 1000 Haeo
761 938 864 1000 ubi
891 939 1126 1002 loeutus
1155 940 1461 1003 fenerator
1488 939 1778 1026 AlphiuS,

635 1021 682 1084 J
683 1042 782 1084 am
797 1023 925 1105 jam
954 1024 1193 1087 futurus
1221 1025 1503 1104 rusticuS,

556 1103 812 1170 Omnem
840 1108 1078 1191 redegit
1103 1109 1314 1172 Idibus
1342 1111 1678 1194 pecuniam,

641 1190 895 1266 Quaerit
920 1191 1219 1285 Kalendis
1246 1216 1492 1280 ponere.

907 1614 1359 1680 CARMEN
1415 1615 1594 1681 ΙΙΙ.

552 1957 885 2021 ΡΑΒΒΝΤΙΒ
914 1955 1052 2020 olim
1081 1955 1132 2020 si
1159 1955 1294 2040 quis
1322 1956 1503 2042 impia
1528 1977 1713 2022 manu

641 2041 843 2106 Senile
877 2047 1087 2124 gultur
1113 2042 1388 2125 fregerit,

552 2126 699 2191 Edit
727 2127 938 2190 cicutis
969 2128 1170 2190 allium
1199 2126 1532 2190 nocentius.

637 2211 692 2276 Ο
723 2212 878 2275 dura
904 2234 1230 2276 messorum
1258 2211 1396 2277 ilia!
1494 2212 1499 2218 ’

551 2295 712 2371 Quid
741 2298 854 2360 hoc
883 2298 1100 2360 veneni
1129 2318 1230 2360 sae
1238 2298 1321 2360 vit
1348 2299 1411 2360 in
1440 2293 1847 2382 praecordiis?

636 2380 806 2445 Num
833 2382 1136 2466 viperinus
1164 2382 1255 2444 his
1287 2404 1466 2445 eruor

550 2465 836 2531 Incootus
863 2468 1063 2530 herbis
1092 2488 1188 2529 me
1217 2466 1484 2530 fefellit?
1517 2487 1597 2530 an
1623 2467 1811 2529 malas

638 2552 890 2616 Canidia
920 2552 1202 2615 tractavit
1231 2551 1467 2635 dapes?
1920 2549 1939 2562 '

545 2637 644 2703 Ut
670 2638 1058 2720 Argonautas
1087 2645 1328 2721 praeter
1358 2657 1561 2700 omnes
1590 2634 1912 2700 candidum

633 2722 859 2786 Medea
886 2723 1102 2784 mirata
1129 2728 1222 2783 est
1249 2720 1490 2800 ducem,

548 2809 771 2891 Ignota
801 2807 987 2870 tauris
1016 2806 1382 2886 illigatumm
1399 2805 1556 2889 juga

636 2892 932 2955 Perunxit
960 2891 1070 2953 hoc
1093 2889 1380 2954 Jasonem
1404 2909 1422 2966 3
1688 2945 1699 2956 .

544 2977 682 3040 Hoc
715 2977 992 3039 delibutis
1022 2976 1151 3037 ulta
1180 2975 1348 3038 donis
1377 2974 1651 3060 pellicem

633 3060 929 3143 Serpente
959 3060 1116 3142 fugila
1145 3061 1307 3122 alite.
1776 3125 1781 3130 ,

545 3145 682 3209 Nee
713 3152 915 3208 tantus
943 3165 1208 3228 unquam
1237 3144 1501 3207 siderum
1527 3144 1747 3209 insedit
1772 3165 1965 3230 vapor

634 3229 986 3294 Sitieulosae
1021 3228 1304 3313 Apuliae,

545 3314 682 3379 Neo
711 3337 926 3376 munus
954 3315 1215 3377 humeris
1245 3313 1501 3378 efficacis
1525 3314 1810 3379 Herculis

633 3400 857 3464 Inarsit
885 3401 1234 3462 aestuosius.

543 3485 636 3549 At
687 3484 738 3548 si
766 3485 913 3567 quid
941 3505 1205 3568 unquam
1234 3485 1355 3547 tale
1384 3485 1823 3569 concupiveris,

634 3569 681 3634 J
681 3589 854 3632 ooose
884 3569 1232 3648 Maecenas,
1261 3590 1475 3653 precor

551 3654 804 3718 Manum
834 3655 1034 3739 puella
1061 3655 1223 3718 savio
1251 3659 1513 3738 opponat
1544 3659 1647 3718 tuo

633 3740 926 3804 Extrema
953 3747 1016 3803 et
1042 3739 1106 3803 in
1133 3739 1363 3824 sponda
1391 3739 1591 3803 cubet.

2181 261 2307 328 10¹7

2226 1217 2292 1267 ⁷0

2217 2740 2280 2790 10

2216 3168 2277 3218 15
