2675 4409
402 264 488 331 26

1279 253 1629 326 ommuni

835 432 990 498 Cum
1018 438 1244 513 mente,
1274 454 1389 496 nec
1420 438 1660 517 turpem
1690 438 1999 497 senectam

921 519 1193 604 Degere,
1222 540 1336 583 nec
1368 520 1605 585 cithara
1634 528 1962 584 carentem.

1009 945 1470 1014 CARMEN
1520 947 1898 1014 XXXII.

749 1292 1110 1357 POSGIMUR.
1205 1289 1273 1354 Si
1303 1290 1448 1374 quid
1480 1289 1657 1357 vacui
1686 1291 1799 1355 sub
1828 1292 2045 1356 umbra

750 1378 1032 1443 Lusimus
1060 1384 1263 1441 tecum
1317 1376 1480 1460 quod
1512 1386 1575 1441 et
1602 1378 1765 1442 hunc
1793 1379 1859 1441 in
1888 1399 2112 1443 annum

750 1465 944 1531 Vivat
967 1472 1031 1528 et
1060 1464 1286 1549 plume,
1317 1484 1433 1546 age
1487 1463 1585 1527 dic
1616 1464 1925 1547 Latinum,

1092 1548 1368 1627 Barbibe,
1400 1569 1667 1627 carmen,

752 1634 971 1699 Lesbio
997 1634 1256 1717 primum
1285 1634 1589 1696 modulate
1622 1634 1765 1710 civi,

755 1720 876 1795 Qui
925 1721 1095 1784 ferox
1123 1720 1280 1782 bello
1333 1726 1537 1781 tamen
1564 1720 1725 1782 inter
1753 1740 1944 1803 arma,

759 1806 902 1872 Sive
921 1808 1218 1892 jactatam
1247 1805 1538 1887 religarat
1594 1804 1717 1868 udo

1097 1890 1302 1954 Litore
1333 1891 1555 1969 navim,

754 1978 1042 2043 Liberum
1072 1984 1136 2040 et
1164 1975 1377 2038 Musas
1430 1976 1863 2059 Veneremque
1916 1982 1979 2040 et
2006 1976 2095 2041 illi

757 2062 1010 2147 Semper
1037 2064 1387 2126 haerentem
1420 2083 1673 2145 puerum
1704 2062 1962 2127 canebat

755 2150 842 2217 Et
870 2148 1108 2235 Lycum
1157 2148 1347 2231 nigris
1376 2148 1564 2211 oculis
1592 2148 1888 2233 nigroque

937 2259 946 2263 ·
1102 2232 1282 2297 Crine
1314 2234 1620 2296 decorum.

757 2320 812 2384 O
845 2321 1032 2383 decus
1060 2319 1290 2382 Phoebi
1345 2326 1408 2383 et
1439 2319 1691 2403 dapibus
1720 2318 1985 2403 supremi

755 2406 951 2469 Grata
977 2405 1220 2467 testudo
1247 2405 1292 2468 J
1293 2406 1443 2483 oviS,
1473 2428 1508 2468 o
1538 2406 1807 2468 laborum

755 2491 952 2555 Dulce
983 2490 1266 2570 lenimen,
1295 2491 1439 2553 mihi
1470 2512 1708 2575 cunque
1740 2490 1905 2554 salve

1054 2575 1197 2638 Rite
1229 2577 1490 2639 vocanti.

1016 3000 1477 3067 CARMEN
1538 2962 1973 3067 XXXIII.

753 3342 954 3420 ALBI,
982 3362 1061 3404 ne
1093 3341 1298 3404 doleas
1327 3341 1464 3424 plus
1490 3339 1674 3403 nimio
1728 3362 1957 3408 memor

757 3428 1016 3492 Immitis
1046 3426 1373 3509 Glycerae,
1402 3448 1523 3490 neu
1551 3426 1922 3493 miserabiles

757 3514 1068 3578 Decantes
1097 3511 1298 3595 elegos
1354 3533 1463 3575 cur
1492 3512 1601 3575 tibi
1618 3513 1826 3595 junior

1017 3595 1215 3659 Laesa
1242 3600 1581 3680 praeniteat
1606 3598 1750 3662 fide.

759 3680 1071 3763 Insignem
1102 3683 1268 3745 tenui
1295 3683 1491 3747 fronte
1522 3683 1826 3769 Lycorida

764 3766 913 3853 Cyri
942 3774 1131 3832 torret
1159 3789 1345 3848 amor,
1410 3769 1610 3855 Cyrus
1638 3772 1701 3835 in
1736 3792 2010 3856 asperam

2444 2083 2507 2129 10
