2675 4409
426 262 510 341 c'8

22 3545 684 3710 N

1277 284 1626 334 cARmNuM

848 442 1176 525 Expugnat
1194 440 1489 525 juvenum
1517 439 1744 517 domoS,

761 526 945 593 Pulso
975 526 1196 611 Thyias
1225 526 1314 589 uti
1345 525 1577 589 concita
1608 531 1912 623 tympano.

848 612 1025 675 Illam
1057 612 1220 695 cogit
1245 632 1413 674 amor
1442 610 1632 673 Nothi

762 696 1054 761 Lascivae
1082 697 1334 760 similem
1362 695 1571 759 ludere
1602 712 1890 779 capreae:

848 783 938 847 Te
967 784 1140 845 lanae
1172 802 1357 865 prope
1384 781 1641 843 nobilem

763 867 997 932 'fonsae
1028 866 1368 945 Luceriam,
1397 885 1517 927 non
1546 864 1814 927 citharae
1866 859 2109 943 decent,
2161 846 2175 858 ’

849 952 912 1015 N
915 974 984 1015 ec
1012 953 1120 1016 flos
1147 970 1485 1035 purpureus
1511 969 1681 1013 rosae

761 1036 898 1102 Nec
928 1038 1053 1122 poti
1102 1038 1367 1100 vetulam
1416 1035 1587 1098 faece
1616 1040 1795 1097 tenus
1823 1031 1980 1095 cadi.

1093 1454 1550 1522 GARMEN
1605 1450 1843 1519 XVI.

852 1794 1188 1859 Incmsm
1214 1794 1473 1859 Danaen
1499 1793 1683 1858 turris
1712 1795 1907 1857 aenea

855 1880 1282 1964 Robustacque
1311 1881 1473 1943 fores
1524 1888 1589 1945 et
1617 1880 1861 1961 vigilum
1890 1897 2107 1943 canum

852 1965 1082 2029 Tristes
1115 1966 1401 2029 excubiae
1430 1966 1769 2028 munierant
1796 1963 1943 2029 satis

938 2050 1266 2114 Nocturnis
1297 2051 1372 2113 ab
1402 2049 1710 2128 adulteris,

859 2133 928 2199 Si
953 2158 1074 2200 non
1101 2135 1407 2200 Acrisium
1456 2134 1702 2217 virginis
1742 2133 1979 2198 abditae

854 2217 1181 2285 Custodem
1209 2220 1490 2305 pavidum
1538 2220 1585 2285 J
1586 2220 1828 2305 uppiter
1866 2227 1931 2283 et
1959 2218 2180 2283 Venus
2240 2228 2253 2243 ·

853 2304 1175 2383 Risissent,
1238 2307 1367 2369 fore
1398 2306 1558 2370 enim
1585 2312 1784 2369 tutum
1810 2305 1929 2369 iter
1957 2310 2022 2369 et
2048 2310 2259 2390 patens

942 2389 1244 2454 Converso
1272 2391 1337 2453 in
1364 2392 1623 2473 pretium
1651 2390 1786 2453 deo.

854 2472 1097 2537 Aurum
1126 2496 1238 2559 per
1263 2475 1492 2539 medios
1518 2474 1607 2538 ire
1636 2474 1925 2539 satellites

854 2558 943 2623 Et
969 2580 1355 2644 perrumpere
1386 2567 1548 2624 amat
1574 2581 1721 2623 saxa
1748 2559 2051 2645 potentius

854 2643 997 2709 Ictu
1023 2644 1350 2709 fulmineo:
1396 2644 1658 2709 concidit
1686 2645 1932 2728 auguris

937 2729 1156 2813 Argivi
1186 2730 1396 2794 domus
1446 2730 1520 2794 ob
1550 2731 1783 2794 lucrum

854 2817 1152 2882 Demersa
1179 2816 1397 2894 exitio;
1444 2816 1657 2881 diffidit
1676 2814 1914 2879 urbium

855 2903 1072 2965 Portas
1101 2902 1195 2965 vir
1222 2901 1481 2965 Macedo
1534 2909 1598 2965 et
1631 2901 1865 2965 subruit
1898 2901 2161 2966 aemulos

856 2989 1060 3069 Reges
1089 2987 1433 3049 muneribus
1459 3007 1476 3063 3
1518 3007 1769 3049 munera
1798 2986 2039 3049 navium

946 3070 1171 3135 Saevos
1199 3072 1528 3153 illaqueant
1557 3070 1763 3133 duces.

858 3156 1246 3221 Crescentem
1274 3155 1547 3238 sequitur
1574 3176 1722 3219 cura
1748 3156 2065 3239 pecuniam

857 3243 1275 3326 Majorumque
1304 3240 1514 3303 fames.
1601 3240 1645 3303 J
1649 3262 1755 3304 ure
1786 3241 2099 3323 perhorrui

855 3328 1008 3391 Late
1040 3326 1425 3409 conspicuum
1454 3326 1663 3389 tollere
1696 3328 2004 3406 verticem,

939 3412 1288 3488 MaecenaS‚
1317 3410 1586 3494 equstum
1615 3412 1822 3475 decus·

859 3495 1098 3570 Quanto
1126 3497 1379 3579 quisque
1410 3497 1523 3559 sibi
1552 3499 1726 3581 plura
1755 3498 2089 3581 negaverit,

853 3584 957 3645 Ab
987 3582 1078 3645 dis
1107 3583 1281 3665 plura
1308 3582 1507 3646 feret:
1554 3584 1637 3645 nil
1667 3584 2033 3666 cupientium

686 3665 921 3741 -x-NN
923 3668 1077 3730 udus
1106 3675 1306 3729 castra
1333 3676 1475 3748 peto
1526 3675 1591 3731 et
1618 3669 1935 3753 transfuga
1963 3668 2216 3735 divitum

940 3747 1159 3816 Partes
1187 3749 1456 3833 linquere
1486 3753 1701 3840 gestio,

2434 542 2504 592 10

2436 965 2507 1015 15

2437 2559 2506 2608 10

2439 3005 2507 3054 15
