2675 4409
1315 257 1661 304 CARMINUM

792 410 936 476 Non
964 410 1090 474 sola
1120 410 1385 490 comptos
1416 408 1567 472 arsit
1594 402 1859 474 adulteri

793 495 1029 573 OrineS‚
1061 501 1126 559 et
1154 516 1368 560 aurum
1397 495 1662 558 vestibus
1688 486 1905 560 illitum

873 580 1104 644 Mirata
1152 582 1507 664 regalesque
1540 581 1735 644 cultus

958 663 1044 730 Et
1071 666 1317 730 comites
1348 665 1583 728 Helene
1614 663 1919 744 Lacaena,

790 749 1106 814 Primusve
1136 751 1373 816 Teucer
1400 752 1524 814 tela
1554 749 1825 832 Cydonio

785 835 1025 902 Direxit
1054 857 1237 899 arcu·
1223 883 1238 910 ,
1284 857 1403 898 non
1432 837 1617 899 semel
1646 836 1790 900 Ilios

877 922 1158 996 Vexata3
1201 943 1320 986 non
1351 921 1639 1003 pugnavit
1666 921 1879 1004 ingens

959 1006 1316 1070 Idomeneus
1350 1005 1746 1070 Sthenelusve
1777 1007 1937 1086 solus

789 1091 1068 1155 Dicenda
1096 1091 1287 1156 Musis
1317 1091 1579 1174 proelia,
1562 1111 1577 1126 ·
1624 1114 1742 1154 non
1769 1093 1938 1156 ferox

787 1175 1023 1240 Hector
1056 1178 1151 1242 vel
1182 1198 1322 1242 acer
1352 1176 1697 1260 Deiphobus
1728 1197 1943 1260 graves

878 1262 1138 1346 Excepit
1163 1263 1320 1326 ictus
1350 1284 1457 1345 pro
1487 1262 1719 1345 pudicis

961 1345 1326 1431 conjugibus
1358 1349 1677 1430 puerisque
1708 1347 1953 1430 primus.

786 1432 1015 1496 'Vixere
1046 1435 1232 1498 fortes
1260 1441 1400 1498 aute
1431 1433 1488 1496 A
1494 1453 1889 1515 gamemnona

781 1517 1002 1582 Multi·
989 1563 1004 1593 ,
1050 1518 1157 1582 sed
1187 1539 1389 1582 omnes
1419 1519 1876 1584 illacrumabiles

870 1602 1188 1683 Urgentur
1215 1603 1519 1686 ignotique
1550 1604 1728 1686 longa

954 1686 1176 1765 Nocte,
1207 1696 1418 1752 carent
1448 1689 1589 1771 quia
1617 1697 1755 1754 vate
1784 1708 1975 1756 sacrm

786 1772 1065 1838 Paullum
1094 1775 1363 1856 sepultae
1392 1774 1576 1840 distat
1603 1775 1853 1838 inertiae

790 1857 1002 1922 Celata
1030 1859 1238 1922 virtus.
1329 1859 1473 1924 Non
1500 1881 1613 1942 ego
1643 1867 1703 1926 te
1732 1860 1881 1926 meis

876 1943 1116 2008 Chartis
1141 1945 1478 2011 inornatum
1506 1945 1713 2024 sileb0‚

948 2029 1138 2096 Totve
1168 2037 1300 2096 tuos
1329 2032 1525 2114 patiar
1552 2031 1785 2096 labores

779 2114 1059 2198 Impune,
1091 2115 1262 2193 Lolli,
1293 2137 1542 2199 carpere
1572 2116 1783 2180 lividas

781 2199 1143 2266 OblivioneS.
1192 2200 1305 2264 Est
1331 2203 1563 2265 animus
1593 2202 1701 2264 tibi

865 2287 1214 2369 Rerumque
1247 2287 1509 2369 prudens
1563 2294 1627 2349 et
1654 2286 1934 2350 secundis

948 2372 1336 2453 Temporibus
1367 2371 1677 2454 dubiisque
1708 2381 1942 2452 metue,

776 2455 1020 2520 ‘Vindex
1049 2475 1268 2520 avarae
1295 2457 1545 2536 fraudis,
1575 2463 1639 2520 et
1666 2455 1969 2522 abstinens

776 2540 1070 2606 Ducentis
1101 2541 1178 2604 ad
1205 2562 1269 2603 se
1300 2549 1519 2604 cuncta
1548 2542 1859 2625 pecuniae,

865 2625 1203 2710 Consulque
1234 2648 1354 2689 non
1383 2627 1559 2690 unius
1588 2627 1729 2690 anni

949 2710 1072 2776 Sed
1101 2713 1332 2797 quoties
1363 2713 1553 2777 bonus
1586 2721 1767 2796 atque
1794 2713 1952 2778 fidus

765 2797 978 2880 §Iudex
1005 2799 1319 2864 honestum
1350 2800 1633 2883 praetulit
1662 2800 1815 2880 utili,

777 2885 1018 2968 Rejecit
1046 2887 1166 2950 alto
1195 2886 1353 2950 dona
1378 2885 1719 2948 nocentium

860 2967 1077 3047 Vultu,
1108 2993 1218 3051 per
1247 2971 1549 3032 obstantes
1580 2977 1855 3034 catervas

946 3053 1250 3135 Explicuit
1277 3074 1389 3118 sua
1418 3054 1606 3116 victor
1635 3073 1820 3118 arma.

777 3137 921 3201 Non
949 3139 1351 3219 possidentem
1380 3139 1569 3200 multa
1597 3139 1904 3203 vocaveris

779 3223 974 3288 Recte
1005 3223 1282 3288 beatum·
1331 3223 1554 3286 rectius
1584 3231 1843 3308 occupat

858 3307 1098 3370 Nomen
1127 3309 1286 3372 beati
1340 3308 1442 3392 qui
1473 3309 1721 3372 deorum

942 3392 1296 3458 Muneribus
1325 3394 1627 3478 sapienter
1654 3396 1745 3458 uti

770 3477 1122 3562 Duramque
1145 3481 1325 3544 callet
1356 3481 1700 3564 pauperiem
1730 3478 1880 3564 pati,

771 3565 882 3628 Pe·
886 3585 1077 3648 usque
1107 3567 1230 3629 leto
1259 3566 1551 3650 flagitium
1582 3565 1774 3646 timet,

853 3589 995 3715 ixion
1024 3651 1122 3713 ille
1153 3674 1260 3735 pro
1291 3653 1446 3716 caris
1477 3652 1681 3716 amicis

941 3735 1076 3800 Aut
1102 3739 1298 3823 patria
1320 3737 1565 3801 timidus
1592 3735 1809 3820 perire.

2472 601 2540 652 15

2445 2737 2511 2787 40

2444 3164 2511 3213 45
