2675 4409
31 1977 34 2022 ..-.
32 1949 34 1952 ,
31 1855 52 1920 '⁷'
32 1739 35 1752 -

1031 264 1161 310 ΗΒ.
1207 263 1298 310 ιιι
1334 261 1472 310 sAr.
1519 265 1627 311 111.
2252 252 2379 317 159

281 415 535 482 Emovit
564 423 835 481 veterem
865 417 1016 480 mire
1045 438 1260 496 novus,
1287 423 1361 479 ut
1387 419 1559 496 solet,
1588 418 1651 482 in
1682 441 1786 484 cor

280 502 572 586 Trajecto
603 503 810 566 lateris
837 504 1040 565 miseri
1071 503 1358 585 capitisve
1394 504 1618 580 dolore,

283 588 380 652 Ut
412 588 782 672 lethargicus
805 589 903 651 hic
934 610 1071 650 cum
1098 591 1169 650 fit
1197 589 1367 672 pugil
1397 596 1459 651 et
1488 591 1785 653 medicum
1814 599 2015 675 urget.
2308 615 2368 665 31:

277 673 456 738 Dum
487 697 563 737 ne
596 675 740 760 quid
769 675 965 738 simile·
987 674 1124 738 huic
1177 682 1308 736 esto
1337 681 1407 736 ιιι
1434 673 1644 737 libet.’'
1680 681 1715 713 “
1743 677 1797 740 Ο
1828 679 2003 760 bone,
2032 700 2111 743 ne
2143 687 2203 744 te

275 758 340 822 F
341 769 610 824 rustrere
636 785 652 825 ε
697 761 922 823 insanis
953 767 1018 831 et
1046 771 1112 821 tu
1164 759 1451 842 stultique
1484 781 1669 844 prope
1698 783 1925 844 omnes,

279 844 358 908 Si
387 846 538 928 quid
572 846 894 910 Stertinius
924 845 1052 908 veri
1082 852 1312 928 crepat,
1342 845 1503 907 unde
1536 867 1649 928 ego
1676 848 1829 911 mira

273 931 602 1014 Descripsi
631 932 838 994 docilis
868 937 1192 1014 praecepta
1220 931 1396 1008 haec,
1429 938 1693 1013 tempore
1724 941 1842 1018 quo
1867 955 1963 997 me

278 1015 535 1079 Solatus
554 1018 736 1101 jussit
764 1017 1093 1099 sapientem
1123 1036 1373 1098 pascere
1402 1015 1649 1079 barbam
2302 1043 2365 1091 35

272 1101 499 1184 Atque
530 1124 569 1165 a
595 1102 871 1165 Fabricio
899 1123 1017 1164 non
1049 1101 1280 1164 tristem
1308 1109 1489 1183 ponte
1519 1102 1761 1165 reverti.

271 1186 454 1250 Nam
482 1189 635 1250 male
663 1209 732 1251 re
763 1194 937 1269 gesta
963 1207 1101 1249 cum
1130 1187 1349 1248 vellem
1376 1187 1613 1249 mittere
1644 1195 1852 1270 operto

271 1271 393 1335 Me
425 1274 623 1355 capite
653 1273 716 1336 in
743 1273 989 1351 flumen,
1019 1272 1234 1335 dexter
1261 1272 1431 1334 stetit
1460 1279 1545 1350 et,
1578 1271 1741 1336 Cave
1782 1273 1937 1337 faxis
2018 1283 2029 1289 ‘

271 1357 373 1420 're
405 1356 729 1441 quidquam
757 1357 1107 1440 indignum:
1157 1357 1373 1440 pudor,
1402 1357 1619 1440 inquit,
1652 1367 1713 1421 te
1742 1359 1933 1423 malus
1963 1359 2153 1442 angit,

272 1441 542 1506 Insanos
572 1445 676 1528 qui
704 1444 862 1506 inter
889 1464 1136 1506 vereare
1167 1443 1411 1506 insanus
1440 1443 1667 1506 haberi.
2298 1467 2361 1515 4ο

273 1528 560 1592 Primum
587 1551 728 1592 nam
755 1529 1052 1612 inquiram
1104 1527 1250 1611 quid
1277 1529 1358 1591 sit
1383 1529 1587 1592 furere
1614 1551 1630 1592 ε
1676 1528 1789 1593 hoc
1819 1529 1872 1593 si
1900 1530 2017 1594 erit
2043 1531 2107 1594 in
2134 1537 2197 1594 to

281 1613 432 1678 Solo
481 1615 568 1677 nil
596 1615 764 1678 verbi
819 1635 1034 1697 pereas
1063 1614 1208 1697 quin
1238 1613 1477 1676 fortiter
1530 1614 1771 1678 addam.

277 1699 484 1772 Quem
513 1701 672 1763 mala-
697 1700 952 1764 stultitia
981 1706 1044 1763 et
1071 1719 1496 1783 quemcunque
1538 1699 1775 1764 inscitia
1803 1701 1931 1764 veri

277 1785 554 1849 Caecum
584 1787 730 1868 agit,
760 1787 1034 1851 insanum
1066 1784 1387 1869 Chrysippi
1416 1785 1679 1866 porticus
1709 1792 1773 1848 et
1802 1807 1953 1868 grex

274 1871 606 1934 Autumat.
697 1871 872 1934 Haec
903 1871 1172 1954 populos,
1202 1870 1353 1932 haec
1383 1891 1629 1952 magnos
1657 1871 1913 1935 formula
1940 1892 2118 1955 reges
2294 1893 2357 1940 45

277 1954 561 2039 Excepto
589 1957 858 2039 sapiente
890 1964 1074 2020 tenet.
1165 1955 1350 2018 Nunc
1381 1957 1585 2038 accipe
1639 1977 1825 2039 quare

276 2041 606 2124 Desipiant
634 2063 838 2104 omnes
869 2062 1061 2124 aeque
1093 2062 1164 2104 ac
1198 2050 1265 2103 tu
1318 2042 1423 2123 qui
1455 2042 1559 2104 tibi
1588 2063 1807 2108 nomen

275 2127 512 2190 Insano
541 2149 814 2210 posuere.
874 2127 1290 2208 ‚Veluvsilvis
1343 2126 1443 2189 ubi
1474 2127 1694 2208 passim

277 2213 572 2275 Palantes
605 2235 773 2276 error
801 2219 966 2276 certo
997 2212 1072 2275 de
1104 2213 1343 2274 tramite
1372 2213 1563 2296 pellit,

275 2296 398 2361 Ille
427 2298 832 2363 sinistrorsum
859 2298 956 2363 hic
990 2297 1366 2360 dextrorsum
1396 2298 1544 2360 abit:
1570 2318 1727 2360 unus
1755 2297 1997 2380 utrique
2290 2319 2355 2368 50

278 2383 491 2461 Error,
505 2384 614 2446 sed
643 2385 822 2446 variis
851 2382 1051 2446 illudit
1077 2384 1349 2466 partibus
1380 2401 1397 2458 ;
1437 2383 1549 2446 hoc
1580 2390 1641 2446 te

280 2468 484 2532 Crede
513 2469 688 2532 modo
715 2470 1011 2548 insanum,
1041 2470 1222 2532 nihilo
1249 2477 1320 2530 ιιι
1351 2468 1673 2550 sapientior
1698 2467 1799 2530 ille

280 2553 406 2627 Qui
433 2560 496 2616 te
528 2553 764 2616 deridet
813 2554 1069 2618 caudam
1097 2555 1320 2619 trahat.
1409 2553 1524 2616 Est
1553 2574 1743 2635 genus
1771 2571 1959 2616 unum

281 2638 594 2702 Stultitiae
624 2641 873 2702 nihilum
901 2639 1226 2702 metuenda
1254 2640 1541 2716 timentis,
1568 2646 1639 2701 ut
1665 2638 1859 2722 ignes,

277 2724 372 2789 Ut
401 2745 584 2808 rupes
613 2726 940 2809 fluviosque
971 2726 1033 2788 in
1065 2746 1274 2808 campo
1303 2725 1539 2788 obstare
1570 2730 1903 2806 queratur;
2290 2739 2357 2788 εει

277 2811 567 2873 Alterum
597 2822 660 2873 et
686 2811 824 2874 huic
857 2831 1064 2874 varum
1096 2818 1161 2872 et
1185 2810 1369 2873 nihilo
1400 2807 1727 2893 sapientius
1754 2807 1928 2890 ignes

279 2894 407 2958 Per
435 2895 660 2960 medios
688 2896 1013 2979 fluviosque
1044 2897 1274 2959 ruentis
1300 2918 1317 2958 ε
1364 2897 1583 2958 clamet
1610 2893 1803 2957 amica

277 2979 511 3059 Mater,
539 2980 794 3044 honesta
821 3002 988 3045 soror
1017 3002 1153 3044 cum
1183 2980 1477 3064 cognatiS,
1510 2990 1707 3063 pater,
1736 2997 1927 3040 uxor:

276 3070 320 3102 ‘⁶
347 3067 472 3128 Hic
504 3066 663 3129 fossa
693 3074 788 3129 est
817 3067 1053 3148 ingens,
1083 3067 1181 3129 hic
1213 3087 1402 3149 rupes
1432 3065 1713 3143 maxima,
1744 3061 1957 3128 serva!
1982 3061 2022 3092 '’

281 3149 428 3212 Non
458 3150 650 3231 magis
681 3150 958 3230 audierit,
989 3172 1168 3233 quam
1195 3151 1406 3213 Fufius
1437 3150 1636 3212 ebrius
1673 3150 1833 3228 olim,
2292 3166 2356 3216 60

282 3233 487 3307 Quum
516 3235 769 3297 Ilionam
800 3235 1073 3314 edormit,
1108 3235 1373 3298 Catienis
1402 3237 1560 3298 mille
1592 3235 1891 3312 ducentis,

281 3319 512 3395 Mater,
544 3329 604 3381 te
639 3321 911 3402 appello!
959 3322 1373 3384 clamantibus,
1462 3321 1628 3384 Huic
1660 3343 1773 3404 ego
1804 3319 2021 3400 vulgus

283 3403 496 3466 Errori
525 3404 772 3467 similem
806 3414 1086 3468 cunctum
1116 3407 1374 3470 insanire
1406 3408 1651 3470 docebo·

284 3489 522 3552 Insanit
553 3498 788 3552 veteres
819 3499 1048 3554 statuas
1079 3491 1481 3576 Damasippus
1514 3489 1765 3554 emendo
1790 3509 1807 3549 ε

283 3575 541 3656 Integer
569 3582 663 3636 est
693 3576 908 3638 mentis
938 3576 1286 3660 Damasippi
1315 3575 1631 3642 creditor?
1722 3572 1893 3635 Esto.
2298 3585 2363 3638 65

285 3659 524 3742 Accipe
557 3659 717 3741 quod
747 3681 1052 3743 nunquam
1087 3662 1304 3725 reddas
1332 3664 1477 3726 mihi
1507 3662 1558 3724 si
1586 3659 1691 3723 tibi
1721 3658 1941 3737 dicam,

287 3744 461 3807 'Pune
489 3744 736 3807 insanus
765 3745 884 3809 eris
911 3746 961 3808 si
991 3748 1318 3832 acceperi8‚
1350 3769 1427 3812 an
1453 3745 1645 3830 magis
1674 3763 1881 3808 excors
