<?xml version="1.0" encoding="UTF-8"?>
<!DOCTYPE html PUBLIC "-//W3C//DTD XHTML 1.0 Transitional//EN"
    "http://www.w3.org/TR/xhtml1/DTD/xhtml1-transitional.dtd">
<html xmlns="http://www.w3.org/1999/xhtml" xml:lang="en" lang="en">
 <head>
  <title>
</title>
<meta http-equiv="Content-Type" content="text/html;charset=utf-8" />
  <meta name='ocr-system' content='tesseract 3.04.00' />
  <meta name='ocr-capabilities' content='ocr_page ocr_carea ocr_par ocr_line ocrx_word'/>
</head>
<body>
  <div class='ocr_page' id='page_1' title='image "./workshorace01chasgoog_0167.png"; bbox 0 0 2675 4409; ppageno 0'>
   <div class='ocr_carea' id='block_1_1' title="bbox 645 805 2135 1380">
    <p class='ocr_par' dir='ltr' id='par_1_1' title="bbox 645 805 2135 1380">
     <span class='ocr_line' id='line_1_1' title="bbox 967 805 1887 884; baseline 0.002 -12"><span class='ocrx_word' id='word_1_1' title='bbox 967 806 1041 884; x_wconf 84' lang='lat' dir='ltr'>Q.</span> <span class='ocrx_word' id='word_1_2' title='bbox 1117 807 1501 876; x_wconf 87' lang='lat' dir='ltr'>HORATII</span> <span class='ocrx_word' id='word_1_3' title='bbox 1568 805 1887 875; x_wconf 75' lang='lat' dir='ltr'>FLAOOI</span> 
     </span>
     <span class='ocr_line' id='line_1_2' title="bbox 645 1003 2135 1179; baseline 0.001 -44"><span class='ocrx_word' id='word_1_4' title='bbox 645 1053 647 1055; x_wconf 39' lang='lat'>¹</span> <span class='ocrx_word' id='word_1_5' title='bbox 722 1047 786 1135; x_wconf 81' lang='lat' dir='ltr'>s</span> <span class='ocrx_word' id='word_1_6' title='bbox 875 1047 962 1136; x_wconf 90' lang='lat' dir='ltr'>A</span> <span class='ocrx_word' id='word_1_7' title='bbox 1049 1045 1130 1136; x_wconf 89' lang='lat' dir='ltr'>T</span> <span class='ocrx_word' id='word_1_8' title='bbox 1217 1046 1264 1136; x_wconf 92' lang='lat'>1</span> <span class='ocrx_word' id='word_1_9' title='bbox 1352 1003 1437 1135; x_wconf 77' lang='lat' dir='ltr'>R</span> <span class='ocrx_word' id='word_1_10' title='bbox 1522 1047 1609 1179; x_wconf 73' lang='lat' dir='ltr'>A</span> <span class='ocrx_word' id='word_1_11' title='bbox 1698 1047 1785 1136; x_wconf 82' lang='lat' dir='ltr'>R</span> <span class='ocrx_word' id='word_1_12' title='bbox 1872 1045 1957 1135; x_wconf 90' lang='lat' dir='ltr'>U</span> <span class='ocrx_word' id='word_1_13' title='bbox 2033 1046 2135 1136; x_wconf 89' lang='lat' dir='ltr'>M</span> 
     </span>
     <span class='ocr_line' id='line_1_3' title="bbox 1077 1320 1779 1380; baseline 0 -4"><span class='ocrx_word' id='word_1_14' title='bbox 1077 1320 1310 1376; x_wconf 83' lang='lat' dir='ltr'><strong>LIBER</strong></span> <span class='ocrx_word' id='word_1_15' title='bbox 1358 1321 1779 1380; x_wconf 86' lang='lat' dir='ltr'>SECUNDUS.</span> 
     </span>
    </p>
   </div>
   <div class='ocr_carea' id='block_1_2' title="bbox 1274 1537 1653 1588">
    <p class='ocr_par' dir='ltr' id='par_1_2' title="bbox 1274 1537 1653 1588">
     <span class='ocr_line' id='line_1_4' title="bbox 1274 1537 1653 1588; baseline 0.005 -2"><span class='ocrx_word' id='word_1_16' title='bbox 1274 1537 1589 1586; x_wconf 49' lang='lat'>—4—</span> <span class='ocrx_word' id='word_1_17' title='bbox 1648 1585 1653 1588; x_wconf 86' lang='lat'>.</span> 
     </span>
    </p>
   </div>
   <div class='ocr_carea' id='block_1_3' title="bbox 1175 1745 1687 1815">
    <p class='ocr_par' dir='ltr' id='par_1_3' title="bbox 1175 1745 1687 1815">
     <span class='ocr_line' id='line_1_5' title="bbox 1175 1745 1687 1815; baseline 0.002 -1"><span class='ocrx_word' id='word_1_18' title='bbox 1175 1745 1559 1815; x_wconf 83' lang='lat' dir='ltr'>SATIRA</span> <span class='ocrx_word' id='word_1_19' title='bbox 1616 1748 1687 1815; x_wconf 92' lang='grc' dir='ltr'>Ι.</span> 
     </span>
    </p>
   </div>
   <div class='ocr_carea' id='block_1_4' title="bbox 380 1947 2469 3849">
    <p class='ocr_par' dir='ltr' id='par_1_4' title="bbox 384 1947 2076 2034">
     <span class='ocr_line' id='line_1_6' title="bbox 384 1947 2076 2034; baseline 0.001 -19"><span class='ocrx_word' id='word_1_20' title='bbox 384 1955 426 1989; x_wconf 91' lang='grc'><strong>“</strong></span> <span class='ocrx_word' id='word_1_21' title='bbox 448 1949 623 2015; x_wconf 78' lang='lat' dir='ltr'>Sum·</span> <span class='ocrx_word' id='word_1_22' title='bbox 651 1947 870 2034; x_wconf 88' lang='lat' dir='ltr'>quibus</span> <span class='ocrx_word' id='word_1_23' title='bbox 897 1947 960 2012; x_wconf 92' lang='lat' dir='ltr'>in</span> <span class='ocrx_word' id='word_1_24' title='bbox 990 1954 1178 2014; x_wconf 78' lang='lat' dir='ltr'>satira</span> <span class='ocrx_word' id='word_1_25' title='bbox 1207 1949 1417 2014; x_wconf 86' lang='lat' dir='ltr'>videor</span> <span class='ocrx_word' id='word_1_26' title='bbox 1442 1949 1619 2013; x_wconf 85' lang='lat' dir='ltr'>nimis</span> <span class='ocrx_word' id='word_1_27' title='bbox 1650 1970 1792 2014; x_wconf 84' lang='lat' dir='ltr'>acer</span> <span class='ocrx_word' id='word_1_28' title='bbox 1820 1956 1885 2015; x_wconf 90' lang='lat' dir='ltr'>et</span> <span class='ocrx_word' id='word_1_29' title='bbox 1912 1952 2076 2016; x_wconf 87' lang='lat' dir='ltr'>ultra</span> 
     </span>
    </p>

    <p class='ocr_par' dir='ltr' id='par_1_5' title="bbox 382 2034 2079 2122">
     <span class='ocr_line' id='line_1_7' title="bbox 382 2034 2079 2122; baseline 0.001 -21"><span class='ocrx_word' id='word_1_30' title='bbox 382 2037 616 2121; x_wconf 84' lang='lat' dir='ltr'>Legem</span> <span class='ocrx_word' id='word_1_31' title='bbox 645 2034 897 2100; x_wconf 89' lang='lat' dir='ltr'>tendere</span> <span class='ocrx_word' id='word_1_32' title='bbox 929 2057 1078 2121; x_wconf 87' lang='lat' dir='ltr'>opus</span> <span class='ocrx_word' id='word_1_33' title='bbox 1105 2057 1124 2113; x_wconf 93' lang='lat'>;</span> <span class='ocrx_word' id='word_1_34' title='bbox 1167 2036 1296 2100; x_wconf 87' lang='lat' dir='ltr'>sine</span> <span class='ocrx_word' id='word_1_35' title='bbox 1327 2036 1530 2100; x_wconf 81' lang='lat' dir='ltr'>nervis</span> <span class='ocrx_word' id='word_1_36' title='bbox 1558 2037 1753 2100; x_wconf 83' lang='lat' dir='ltr'>altera</span> <span class='ocrx_word' id='word_1_37' title='bbox 1782 2038 2079 2122; x_wconf 84' lang='lat' dir='ltr'>quidquid</span> 
     </span>
    </p>

    <p class='ocr_par' dir='ltr' id='par_1_6' title="bbox 385 2123 1945 2208">
     <span class='ocr_line' id='line_1_8' title="bbox 385 2123 1945 2208; baseline 0 -21"><span class='ocrx_word' id='word_1_38' title='bbox 385 2123 706 2208; x_wconf 87' lang='lat' dir='ltr'>Composui</span> <span class='ocrx_word' id='word_1_39' title='bbox 735 2143 877 2208; x_wconf 87' lang='lat' dir='ltr'>pars</span> <span class='ocrx_word' id='word_1_40' title='bbox 908 2143 1041 2186; x_wconf 91' lang='lat' dir='ltr'>esse</span> <span class='ocrx_word' id='word_1_41' title='bbox 1072 2129 1272 2206; x_wconf 88' lang='lat' dir='ltr'>putat,</span> <span class='ocrx_word' id='word_1_42' title='bbox 1301 2123 1645 2205; x_wconf 82' lang='lat' dir='ltr'>similesque</span> <span class='ocrx_word' id='word_1_43' title='bbox 1674 2144 1945 2187; x_wconf 88' lang='lat' dir='ltr'>meorum</span> 
     </span>
    </p>

    <p class='ocr_par' dir='ltr' id='par_1_7' title="bbox 381 2207 1771 2292">
     <span class='ocr_line' id='line_1_9' title="bbox 381 2207 1771 2292; baseline -0.001 -18"><span class='ocrx_word' id='word_1_44' title='bbox 381 2210 555 2274; x_wconf 90' lang='lat' dir='ltr'>Mille</span> <span class='ocrx_word' id='word_1_45' title='bbox 587 2210 685 2274; x_wconf 90' lang='lat' dir='ltr'>die</span> <span class='ocrx_word' id='word_1_46' title='bbox 716 2230 929 2274; x_wconf 84' lang='lat' dir='ltr'>versus</span> <span class='ocrx_word' id='word_1_47' title='bbox 959 2209 1181 2272; x_wconf 92' lang='lat' dir='ltr'>deduci</span> <span class='ocrx_word' id='word_1_48' title='bbox 1209 2230 1405 2292; x_wconf 89' lang='lat' dir='ltr'>posse.</span> <span class='ocrx_word' id='word_1_49' title='bbox 1501 2207 1771 2287; x_wconf 75' lang='lat' dir='ltr'>Trebati,</span> 
     </span>
    </p>

    <p class='ocr_par' dir='ltr' id='par_1_8' title="bbox 380 2293 2469 2726">
     <span class='ocr_line' id='line_1_10' title="bbox 384 2293 2469 2386; baseline 0.002 -25"><span class='ocrx_word' id='word_1_50' title='bbox 384 2295 546 2370; x_wconf 79' lang='lat' dir='ltr'>Quid</span> <span class='ocrx_word' id='word_1_51' title='bbox 568 2295 786 2360; x_wconf 89' lang='lat' dir='ltr'>faciam</span> <span class='ocrx_word' id='word_1_52' title='bbox 810 2293 1225 2379; x_wconf 88' lang='lat' dir='ltr'>praescribe.&#39;&#39;</span> <span class='ocrx_word' id='word_1_53' title='bbox 1275 2299 1316 2332; x_wconf 91' lang='lat'>“</span> <span class='ocrx_word' id='word_1_54' title='bbox 1342 2293 1691 2368; x_wconf 86' lang='lat' dir='ltr'>Quiescas.’&#39;</span> <span class='ocrx_word' id='word_1_55' title='bbox 1740 2299 1781 2332; x_wconf 91' lang='lat'><strong>“</strong></span> <span class='ocrx_word' id='word_1_56' title='bbox 1804 2294 1905 2359; x_wconf 85' lang='lat' dir='ltr'>Ne</span> <span class='ocrx_word' id='word_1_57' title='bbox 1928 2296 2170 2378; x_wconf 84' lang='lat' dir='ltr'>faciam,</span> <span class='ocrx_word' id='word_1_58' title='bbox 2192 2297 2407 2386; x_wconf 76' lang='lat' dir='ltr'>inquiS,</span> <span class='ocrx_word' id='word_1_59' title='bbox 2436 2323 2469 2373; x_wconf 77' lang='lat'><strong>5</strong></span> 
     </span>
     <span class='ocr_line' id='line_1_11' title="bbox 386 2379 2151 2448; baseline 0.001 -2"><span class='ocrx_word' id='word_1_60' title='bbox 386 2382 646 2446; x_wconf 87' lang='lat' dir='ltr'>Omnino</span> <span class='ocrx_word' id='word_1_61' title='bbox 677 2403 888 2447; x_wconf 85' lang='lat' dir='ltr'>versus</span> <span class='ocrx_word' id='word_1_62' title='bbox 912 2380 939 2445; x_wconf 76' lang='lat'>⁴?</span> <span class='ocrx_word' id='word_1_63' title='bbox 962 2381 1002 2412; x_wconf 89' lang='lat'>’&#39;</span> <span class='ocrx_word' id='word_1_64' title='bbox 1079 2385 1118 2418; x_wconf 91' lang='lat'>“</span> <span class='ocrx_word' id='word_1_65' title='bbox 1142 2379 1332 2444; x_wconf 86' lang='lat' dir='ltr'>Aio.”</span> <span class='ocrx_word' id='word_1_66' title='bbox 1411 2385 1451 2418; x_wconf 92' lang='lat'>“</span> <span class='ocrx_word' id='word_1_67' title='bbox 1474 2379 1733 2444; x_wconf 86' lang='lat' dir='ltr'>Peream</span> <span class='ocrx_word' id='word_1_68' title='bbox 1762 2383 1917 2445; x_wconf 88' lang='lat' dir='ltr'>male</span> <span class='ocrx_word' id='word_1_69' title='bbox 1948 2383 2000 2446; x_wconf 92' lang='lat' dir='ltr'>si</span> <span class='ocrx_word' id='word_1_70' title='bbox 2028 2405 2151 2448; x_wconf 92' lang='lat' dir='ltr'>non</span> 
     </span>
     <span class='ocr_line' id='line_1_12' title="bbox 386 2466 2261 2555; baseline 0.003 -23"><span class='ocrx_word' id='word_1_71' title='bbox 386 2469 697 2555; x_wconf 89' lang='lat' dir='ltr'>Optimum</span> <span class='ocrx_word' id='word_1_72' title='bbox 727 2475 901 2532; x_wconf 86' lang='lat' dir='ltr'>erat:</span> <span class='ocrx_word' id='word_1_73' title='bbox 950 2489 1161 2531; x_wconf 82' lang='lat' dir='ltr'>verum</span> <span class='ocrx_word' id='word_1_74' title='bbox 1189 2487 1427 2551; x_wconf 85' lang='lat' dir='ltr'>nequeo</span> <span class='ocrx_word' id='word_1_75' title='bbox 1457 2466 1785 2531; x_wconf 89' lang='lat' dir='ltr'>dormire.&#39;’</span> <span class='ocrx_word' id='word_1_76' title='bbox 1876 2473 1917 2506; x_wconf 78' lang='lat'>‘⁶</span> <span class='ocrx_word' id='word_1_77' title='bbox 1944 2470 2067 2534; x_wconf 91' lang='lat' dir='ltr'>Ter</span> <span class='ocrx_word' id='word_1_78' title='bbox 2092 2471 2261 2538; x_wconf 76' lang='lat' dir='ltr'>uncti</span> 
     </span>
     <span class='ocr_line' id='line_1_13' title="bbox 383 2552 2017 2638; baseline -0.001 -18"><span class='ocrx_word' id='word_1_79' title='bbox 383 2556 765 2620; x_wconf 87' lang='lat' dir='ltr'>Transnanto</span> <span class='ocrx_word' id='word_1_80' title='bbox 796 2553 1059 2618; x_wconf 83' lang='lat' dir='ltr'>Tiberim</span> <span class='ocrx_word' id='word_1_81' title='bbox 1088 2575 1291 2617; x_wconf 92' lang='lat' dir='ltr'>somno</span> <span class='ocrx_word' id='word_1_82' title='bbox 1322 2552 1540 2636; x_wconf 74' lang='lat' dir='ltr'>quibus</span> <span class='ocrx_word' id='word_1_83' title='bbox 1568 2559 1667 2616; x_wconf 90' lang='lat' dir='ltr'>est</span> <span class='ocrx_word' id='word_1_84' title='bbox 1695 2574 1844 2638; x_wconf 89' lang='lat' dir='ltr'>opus</span> <span class='ocrx_word' id='word_1_85' title='bbox 1872 2557 2017 2637; x_wconf 81' lang='lat' dir='ltr'>alto,</span> 
     </span>
     <span class='ocr_line' id='line_1_14' title="bbox 380 2639 1977 2726; baseline -0.001 -19"><span class='ocrx_word' id='word_1_86' title='bbox 380 2643 813 2726; x_wconf 83' lang='lat' dir='ltr'>Irriguumque</span> <span class='ocrx_word' id='word_1_87' title='bbox 843 2662 1010 2704; x_wconf 91' lang='lat' dir='ltr'>mero</span> <span class='ocrx_word' id='word_1_88' title='bbox 1039 2640 1150 2704; x_wconf 87' lang='lat' dir='ltr'>sub</span> <span class='ocrx_word' id='word_1_89' title='bbox 1178 2647 1419 2704; x_wconf 90' lang='lat' dir='ltr'>noctem</span> <span class='ocrx_word' id='word_1_90' title='bbox 1450 2660 1669 2724; x_wconf 81' lang='lat' dir='ltr'>corpus</span> <span class='ocrx_word' id='word_1_91' title='bbox 1696 2639 1977 2706; x_wconf 86' lang='lat' dir='ltr'>habento.</span> 
     </span>
    </p>

    <p class='ocr_par' dir='ltr' id='par_1_9' title="bbox 381 2725 2463 2892">
     <span class='ocr_line' id='line_1_15' title="bbox 381 2725 2463 2810; baseline -0.001 -17"><span class='ocrx_word' id='word_1_92' title='bbox 381 2729 519 2793; x_wconf 92' lang='lat' dir='ltr'>Aut</span> <span class='ocrx_word' id='word_1_93' title='bbox 547 2730 599 2793; x_wconf 90' lang='lat' dir='ltr'>si</span> <span class='ocrx_word' id='word_1_94' title='bbox 627 2730 832 2792; x_wconf 81' lang='lat' dir='ltr'>tantus</span> <span class='ocrx_word' id='word_1_95' title='bbox 863 2748 1030 2791; x_wconf 85' lang='lat' dir='ltr'>amor</span> <span class='ocrx_word' id='word_1_96' title='bbox 1059 2725 1363 2790; x_wconf 88' lang='lat' dir='ltr'>scribendi</span> <span class='ocrx_word' id='word_1_97' title='bbox 1394 2732 1457 2790; x_wconf 88' lang='lat' dir='ltr'>te</span> <span class='ocrx_word' id='word_1_98' title='bbox 1488 2727 1650 2810; x_wconf 87' lang='lat' dir='ltr'>rapit</span> <span class='ocrx_word' id='word_1_99' title='bbox 1678 2727 1835 2791; x_wconf 87' lang='lat' dir='ltr'>aude</span> <span class='ocrx_word' id='word_1_100' title='bbox 2012 2773 2019 2780; x_wconf 88' lang='lat'>-</span> <span class='ocrx_word' id='word_1_101' title='bbox 2404 2751 2463 2800; x_wconf 90' lang='lat'>10</span> 
     </span>
     <span class='ocr_line' id='line_1_16' title="bbox 385 2813 1807 2892; baseline -0.003 -12"><span class='ocrx_word' id='word_1_102' title='bbox 385 2815 664 2880; x_wconf 85' lang='lat' dir='ltr'>Caesaris</span> <span class='ocrx_word' id='word_1_103' title='bbox 693 2813 902 2879; x_wconf 86' lang='lat' dir='ltr'>invicti</span> <span class='ocrx_word' id='word_1_104' title='bbox 930 2833 1030 2876; x_wconf 86' lang='lat' dir='ltr'>res</span> <span class='ocrx_word' id='word_1_105' title='bbox 1059 2813 1286 2892; x_wconf 82' lang='lat' dir='ltr'>dicere,</span> <span class='ocrx_word' id='word_1_106' title='bbox 1316 2814 1509 2876; x_wconf 86' lang='lat' dir='ltr'>multa</span> <span class='ocrx_word' id='word_1_107' title='bbox 1536 2813 1807 2877; x_wconf 87' lang='lat' dir='ltr'>laborum</span> 
     </span>
    </p>

    <p class='ocr_par' dir='ltr' id='par_1_10' title="bbox 381 2897 2149 3069">
     <span class='ocr_line' id='line_1_17' title="bbox 381 2897 2149 2985; baseline -0.001 -19"><span class='ocrx_word' id='word_1_108' title='bbox 381 2901 667 2966; x_wconf 83' lang='lat' dir='ltr'>Praemia</span> <span class='ocrx_word' id='word_1_109' title='bbox 693 2898 993 2964; x_wconf 78' lang='lat' dir='ltr'>laturus-”</span> <span class='ocrx_word' id='word_1_110' title='bbox 1083 2903 1126 2936; x_wconf 91' lang='lat'><strong>“</strong></span> <span class='ocrx_word' id='word_1_111' title='bbox 1155 2897 1481 2982; x_wconf 86' lang='lat' dir='ltr'>Cupidum,</span> <span class='ocrx_word' id='word_1_112' title='bbox 1510 2907 1687 2983; x_wconf 90' lang='lat' dir='ltr'>pater</span> <span class='ocrx_word' id='word_1_113' title='bbox 1714 2899 1959 2985; x_wconf 88' lang='lat' dir='ltr'>optime,</span> <span class='ocrx_word' id='word_1_114' title='bbox 1988 2899 2149 2965; x_wconf 80' lang='lat' dir='ltr'>vires</span> 
     </span>
     <span class='ocr_line' id='line_1_18' title="bbox 381 2983 1893 3069; baseline -0.003 -17"><span class='ocrx_word' id='word_1_115' title='bbox 381 2987 734 3053; x_wconf 87' lang='lat' dir='ltr'>Deficiunt:</span> <span class='ocrx_word' id='word_1_116' title='bbox 779 3006 977 3068; x_wconf 88' lang='lat' dir='ltr'>neque</span> <span class='ocrx_word' id='word_1_117' title='bbox 1010 2983 1167 3047; x_wconf 91' lang='lat' dir='ltr'>enim</span> <span class='ocrx_word' id='word_1_118' title='bbox 1199 2984 1392 3067; x_wconf 85' lang='lat' dir='ltr'>quivis</span> <span class='ocrx_word' id='word_1_119' title='bbox 1422 2984 1730 3048; x_wconf 79' lang='lat' dir='ltr'>horrentia</span> <span class='ocrx_word' id='word_1_120' title='bbox 1758 2986 1893 3069; x_wconf 86' lang='lat' dir='ltr'>pilis</span> 
     </span>
    </p>

    <p class='ocr_par' dir='ltr' id='par_1_11' title="bbox 381 3070 1893 3156">
     <span class='ocr_line' id='line_1_19' title="bbox 381 3070 1893 3156; baseline -0.002 -19"><span class='ocrx_word' id='word_1_121' title='bbox 381 3073 653 3156; x_wconf 83' lang='lat' dir='ltr'>Agmina</span> <span class='ocrx_word' id='word_1_122' title='bbox 679 3086 794 3135; x_wconf 86' lang='lat' dir='ltr'>nec</span> <span class='ocrx_word' id='word_1_123' title='bbox 825 3071 1022 3134; x_wconf 86' lang='lat' dir='ltr'>fracta</span> <span class='ocrx_word' id='word_1_124' title='bbox 1049 3077 1374 3153; x_wconf 71' lang='lat' dir='ltr'>pereuntes</span> <span class='ocrx_word' id='word_1_125' title='bbox 1405 3070 1654 3154; x_wconf 87' lang='lat' dir='ltr'>cuspide</span> <span class='ocrx_word' id='word_1_126' title='bbox 1688 3070 1893 3134; x_wconf 88' lang='lat' dir='ltr'>Gallos</span> 
     </span>
    </p>

    <p class='ocr_par' dir='ltr' id='par_1_12' title="bbox 381 3155 2455 3326">
     <span class='ocr_line' id='line_1_20' title="bbox 381 3155 2455 3238; baseline -0.002 -14"><span class='ocrx_word' id='word_1_127' title='bbox 381 3161 518 3224; x_wconf 89' lang='lat' dir='ltr'>Aut</span> <span class='ocrx_word' id='word_1_128' title='bbox 544 3157 802 3224; x_wconf 90' lang='lat' dir='ltr'>labentis</span> <span class='ocrx_word' id='word_1_129' title='bbox 833 3177 989 3238; x_wconf 92' lang='lat' dir='ltr'>equo</span> <span class='ocrx_word' id='word_1_130' title='bbox 1021 3155 1323 3219; x_wconf 86' lang='lat' dir='ltr'>describat</span> <span class='ocrx_word' id='word_1_131' title='bbox 1353 3157 1607 3219; x_wconf 88' lang='lat' dir='ltr'>vulnera</span> <span class='ocrx_word' id='word_1_132' title='bbox 1637 3157 1916 3220; x_wconf 51' lang='lat' dir='ltr'>Parthi?</span> <span class='ocrx_word' id='word_1_133' title='bbox 2398 3184 2455 3231; x_wconf 88' lang='lat'>15</span> 
     </span>
     <span class='ocr_line' id='line_1_21' title="bbox 383 3243 2021 3326; baseline 0 -20"><span class='ocrx_word' id='word_1_134' title='bbox 383 3249 425 3282; x_wconf 90' lang='lat'><strong>“</strong></span> <span class='ocrx_word' id='word_1_135' title='bbox 448 3245 745 3307; x_wconf 86' lang='lat' dir='ltr'>Attamen</span> <span class='ocrx_word' id='word_1_136' title='bbox 775 3249 840 3306; x_wconf 90' lang='lat' dir='ltr'>et</span> <span class='ocrx_word' id='word_1_137' title='bbox 856 3243 1090 3326; x_wconf 87' lang='lat' dir='ltr'>justum</span> <span class='ocrx_word' id='word_1_138' title='bbox 1120 3249 1363 3326; x_wconf 82' lang='lat' dir='ltr'>poteras</span> <span class='ocrx_word' id='word_1_139' title='bbox 1394 3249 1458 3304; x_wconf 90' lang='lat' dir='ltr'>et</span> <span class='ocrx_word' id='word_1_140' title='bbox 1486 3243 1749 3305; x_wconf 90' lang='lat' dir='ltr'>scribere</span> <span class='ocrx_word' id='word_1_141' title='bbox 1780 3243 2021 3325; x_wconf 87' lang='lat' dir='ltr'>fortem,</span> 
     </span>
    </p>

    <p class='ocr_par' dir='ltr' id='par_1_13' title="bbox 387 3327 2196 3414">
     <span class='ocr_line' id='line_1_22' title="bbox 387 3327 2196 3414; baseline 0.002 -20"><span class='ocrx_word' id='word_1_142' title='bbox 387 3328 731 3414; x_wconf 84' lang='lat' dir='ltr'>Scipiadem</span> <span class='ocrx_word' id='word_1_143' title='bbox 761 3335 832 3392; x_wconf 89' lang='lat' dir='ltr'>ut</span> <span class='ocrx_word' id='word_1_144' title='bbox 859 3327 1098 3411; x_wconf 89' lang='lat' dir='ltr'>sapiens</span> <span class='ocrx_word' id='word_1_145' title='bbox 1128 3327 1463 3390; x_wconf 77' lang='lat' dir='ltr'>Lucilius-’⁹</span> <span class='ocrx_word' id='word_1_146' title='bbox 1554 3333 1596 3365; x_wconf 89' lang='lat'><strong>“</strong></span> <span class='ocrx_word' id='word_1_147' title='bbox 1619 3327 1809 3392; x_wconf 88' lang='lat' dir='ltr'>Haud</span> <span class='ocrx_word' id='word_1_148' title='bbox 1837 3330 1981 3392; x_wconf 86' lang='lat' dir='ltr'>mihi</span> <span class='ocrx_word' id='word_1_149' title='bbox 2012 3331 2196 3397; x_wconf 91' lang='lat' dir='ltr'>deero</span> 
     </span>
    </p>

    <p class='ocr_par' dir='ltr' id='par_1_14' title="bbox 385 3414 2054 3500">
     <span class='ocr_line' id='line_1_23' title="bbox 385 3414 2054 3500; baseline 0.001 -19"><span class='ocrx_word' id='word_1_150' title='bbox 385 3416 541 3482; x_wconf 85' lang='lat' dir='ltr'>Cum</span> <span class='ocrx_word' id='word_1_151' title='bbox 570 3437 670 3480; x_wconf 91' lang='lat' dir='ltr'>res</span> <span class='ocrx_word' id='word_1_152' title='bbox 698 3416 831 3500; x_wconf 89' lang='lat' dir='ltr'>ipsa</span> <span class='ocrx_word' id='word_1_153' title='bbox 858 3415 1036 3478; x_wconf 89' lang='lat' dir='ltr'>feret.</span> <span class='ocrx_word' id='word_1_154' title='bbox 1127 3414 1265 3477; x_wconf 88' lang='lat' dir='ltr'>Nisi</span> <span class='ocrx_word' id='word_1_155' title='bbox 1295 3415 1509 3477; x_wconf 84' lang='lat' dir='ltr'>dextro</span> <span class='ocrx_word' id='word_1_156' title='bbox 1539 3422 1806 3498; x_wconf 89' lang='lat' dir='ltr'>tempore</span> <span class='ocrx_word' id='word_1_157' title='bbox 1842 3415 2054 3482; x_wconf 88' lang='lat' dir='ltr'>Flacci</span> 
     </span>
    </p>

    <p class='ocr_par' dir='ltr' id='par_1_15' title="bbox 382 3499 1981 3586">
     <span class='ocr_line' id='line_1_24' title="bbox 382 3499 1981 3586; baseline -0.003 -16"><span class='ocrx_word' id='word_1_158' title='bbox 382 3504 596 3570; x_wconf 86' lang='lat' dir='ltr'>Verba</span> <span class='ocrx_word' id='word_1_159' title='bbox 625 3525 736 3586; x_wconf 91' lang='lat' dir='ltr'>per</span> <span class='ocrx_word' id='word_1_160' title='bbox 765 3508 1062 3567; x_wconf 86' lang='lat' dir='ltr'>attentam</span> <span class='ocrx_word' id='word_1_161' title='bbox 1091 3523 1211 3564; x_wconf 90' lang='lat' dir='ltr'>non</span> <span class='ocrx_word' id='word_1_162' title='bbox 1239 3501 1413 3564; x_wconf 88' lang='lat' dir='ltr'>ibunt</span> <span class='ocrx_word' id='word_1_163' title='bbox 1439 3499 1717 3565; x_wconf 84' lang='lat' dir='ltr'>Caesaris</span> <span class='ocrx_word' id='word_1_164' title='bbox 1748 3523 1981 3580; x_wconf 89' lang='lat' dir='ltr'>aurem,</span> 
     </span>
    </p>

    <p class='ocr_par' dir='ltr' id='par_1_16' title="bbox 381 3587 2453 3760">
     <span class='ocr_line' id='line_1_25' title="bbox 385 3587 2453 3673; baseline -0.003 -16"><span class='ocrx_word' id='word_1_165' title='bbox 385 3589 687 3657; x_wconf 37' lang='lat' dir='ltr'>Cuifmale</span> <span class='ocrx_word' id='word_1_166' title='bbox 717 3589 770 3654; x_wconf 90' lang='lat' dir='ltr'>si</span> <span class='ocrx_word' id='word_1_167' title='bbox 797 3589 1043 3673; x_wconf 89' lang='lat' dir='ltr'>palpere</span> <span class='ocrx_word' id='word_1_168' title='bbox 1073 3588 1420 3652; x_wconf 85' lang='lat' dir='ltr'>recalcitrat</span> <span class='ocrx_word' id='word_1_169' title='bbox 1448 3587 1715 3671; x_wconf 87' lang='lat' dir='ltr'>undique</span> <span class='ocrx_word' id='word_1_170' title='bbox 1746 3589 1976 3653; x_wconf 53' lang='lat' dir='ltr'>tutus?</span> <span class='ocrx_word' id='word_1_171' title='bbox 2393 3611 2453 3662; x_wconf 73' lang='lat' dir='ltr'>m</span> 
     </span>
     <span class='ocr_line' id='line_1_26' title="bbox 381 3673 1980 3760; baseline -0.001 -18"><span class='ocrx_word' id='word_1_172' title='bbox 381 3683 428 3717; x_wconf 79' lang='lat'>‘⁶</span> <span class='ocrx_word' id='word_1_173' title='bbox 453 3676 694 3754; x_wconf 83' lang='lat' dir='ltr'>Quanto</span> <span class='ocrx_word' id='word_1_174' title='bbox 721 3675 950 3740; x_wconf 88' lang='lat' dir='ltr'>rectius</span> <span class='ocrx_word' id='word_1_175' title='bbox 978 3674 1091 3739; x_wconf 92' lang='lat' dir='ltr'>hoc</span> <span class='ocrx_word' id='word_1_176' title='bbox 1123 3695 1304 3760; x_wconf 88' lang='lat' dir='ltr'>quam</span> <span class='ocrx_word' id='word_1_177' title='bbox 1334 3673 1495 3737; x_wconf 88' lang='lat' dir='ltr'>tristi</span> <span class='ocrx_word' id='word_1_178' title='bbox 1522 3673 1766 3739; x_wconf 88' lang='lat' dir='ltr'>laedere</span> <span class='ocrx_word' id='word_1_179' title='bbox 1798 3697 1980 3740; x_wconf 88' lang='lat' dir='ltr'>versu</span> 
     </span>
    </p>

    <p class='ocr_par' dir='ltr' id='par_1_17' title="bbox 385 3759 2143 3849">
     <span class='ocr_line' id='line_1_27' title="bbox 385 3759 2143 3849; baseline -0.002 -19"><span class='ocrx_word' id='word_1_180' title='bbox 385 3761 806 3830; x_wconf 75' lang='lat' dir='ltr'>Pantolabum</span> <span class='ocrx_word' id='word_1_181' title='bbox 833 3779 1110 3828; x_wconf 73' lang='lat' dir='ltr'>scurram</span> <span class='ocrx_word' id='word_1_182' title='bbox 1138 3761 1709 3848; x_wconf 78' lang='lat' dir='ltr'>Nomentanumque</span> <span class='ocrx_word' id='word_1_183' title='bbox 1735 3771 2029 3849; x_wconf 75' lang='lat' dir='ltr'>nepotem,</span> <span class='ocrx_word' id='word_1_184' title='bbox 2135 3759 2143 3764; x_wconf 75' lang='grc'><em>’</em></span> 
     </span>
    </p>
   </div>
  </div>
 </body>
</html>
