2675 4409
298 324 380 391 53

1161 330 1505 378 CARMINUM

636 487 894 552 Milesne
929 482 1132 548 Crassi
1161 484 1415 567 conjuge
1444 483 1701 546 barbara

636 572 853 655 Turpis
883 570 1128 633 maritus
1158 570 1306 632 vixit
1360 576 1423 631 et
1446 569 1725 647 hostium,
1805 597 1810 602 ·

723 658 844 720 Pro
873 656 1040 718 curia
1067 655 1407 737 inversique
1438 652 1665 718 mores!

807 740 1135 805 Consenuit
1163 760 1503 803 socerorum
1530 738 1591 799 in
1624 736 1805 801 armis

637 825 763 891 Sub
792 847 937 908 rege
967 825 1152 887 Medo
1205 824 1447 886 Marsus
1477 830 1540 885 et
1567 823 1829 905 Apulus,

635 912 1009 977 Anciliorum
1042 916 1103 973 et
1131 910 1381 971 nominis
1411 916 1475 970 et
1503 914 1681 989 togae

725 995 960 1059 Oblitus
993 1004 1393 1077 aeternaeque
1422 992 1675 1070 Vestae,

809 1081 1100 1145 Incolumi
1126 1079 1282 1143 Jove
1314 1086 1378 1141 et
1405 1078 1553 1141 urbe
1585 1073 1829 1139 Roma?

638 1166 777 1231 Hoc
809 1173 1056 1229 caverat
1083 1185 1251 1227 mens
1281 1162 1531 1245 provida
1559 1162 1785 1246 Reguli

635 1251 1058 1318 Dissentientis
1089 1248 1533 1312 condicionibus

721 1336 941 1401 Foedis
993 1342 1057 1399 et
1085 1336 1355 1419 exemplo
1384 1330 1675 1397 trahentis

804 1421 1141 1484 Perniciem
1169 1420 1416 1483 veniens
1443 1420 1507 1481 in
1534 1437 1773 1496 aevum,

643 1505 710 1570 Si
737 1528 857 1569 non
886 1506 1111 1589 periret
1136 1504 1568 1568 immiserabilis

636 1590 892 1673 Captiva
917 1590 1128 1672 pubes.
1220 1588 1411 1671 Signa
1439 1610 1551 1670 ego
1580 1585 1825 1651 Punicis

612 1678 620 1681 ”
718 1673 936 1737 Adfixa
951 1673 1212 1735 delubris
1265 1681 1328 1737 et
1358 1694 1523 1737 arma

785 1758 1098 1821 Militibus
1129 1759 1254 1821 sine
1287 1759 1495 1837 caede,
1530 1757 1701 1839 dixit,

633 1844 910 1927 Derepta
937 1843 1089 1920 vidi3
1111 1844 1234 1907 vidi
1264 1866 1378 1927 ego
1408 1844 1625 1907 civium

632 1930 890 1995 Retorta
918 1935 1090 2012 tergo
1117 1929 1363 1993 brachia
1389 1930 1577 1993 libero

721 2014 1054 2098 Portasque
1083 2037 1202 2078 non
1224 2016 1465 2093 ‚clausas
1517 2021 1581 2077 et
1608 2034 1754 2077 arva

806 2099 1008 2163 Marte
1041 2100 1152 2163 coli
1183 2101 1465 2183 populata
1491 2108 1715 2163 nostro.

632 2184 806 2250 Auro
834 2206 1122 2268 repensus
1151 2186 1381 2249 scilicet
1409 2185 1603 2249 acrior

631 2270 813 2334 Miles
843 2271 1080 2333 redibit.
1169 2270 1429 2353 Flagitio
1459 2270 1677 2333 additis

717 2354 1056 2419 Damnum:
1104 2376 1300 2437 neque
1331 2355 1576 2417 amissos
1607 2354 1833 2417 colores

807 2439 974 2502 Lana
1001 2439 1190 2502 refert
1213 2438 1513 2502 medicata
1539 2439 1702 2515 fue0,

633 2523 775 2588 Nec'
796 2543 944 2587 'vera
973 2524 1164 2586 virtus
1231 2544 1417 2606 quum
1446 2524 1633 2586 semel
1662 2520 1887 2586 excidit

564 2611 568 2615 ’
634 2608 825 2673 Curat
854 2608 1060 2693 reponi
1089 2608 1502 2672 deterioribus.

681 2736 696 2753 .
719 2692 787 2758 Si
814 2700 1045 2778 pugnat
1073 2694 1367 2757 extricata
1396 2693 1593 2757 densis

807 2778 1004 2843 Cerva
1030 2780 1222 2864 plagis
1285 2780 1401 2843 erit
1430 2780 1529 2843 ille
1553 2778 1723 2842 fortis

635 2861 754 2936 Qui
784 2866 1026 2945 perfidis
1055 2887 1120 2927 se
1152 2865 1409 2928 credidit
1435 2864 1723 2942 hostibus,

631 2946 718 3011 Et
746 2947 947 3011 Marte
978 2950 1210 3012 Poenos
1240 2956 1509 3032 proteret
1538 2949 1749 3026 alter-0,

721 3030 838 3104 Qui
865 3034 994 3095 lora
1023 3033 1311 3095 restrictis
1341 3032 1583 3094 lacertis

805 3114 1006 3178 Sensit
1030 3117 1192 3178 iners
1246 3116 1561 3198 timuitque
1588 3120 1861 3180 mortem.

627 3199 754 3263 Hic
809 3200 974 3265 unde
1017 3198 1203 3263 vitam
1249 3207 1516 3264 sumeret
1544 3198 1770 3265 inscius

631 3283 856 3348 Pacem
887 3287 1088 3349 duello
1117 3286 1377 3347 miscuit.
1473 3284 1527 3349 O
1560 3284 1795 3371 pudor!

719 3369 773 3434 O
803 3391 1024 3451 magna
1040 3368 1379 3451 KarthagO,
1410 3372 1705 3453 probrosis

799 3454 1000 3518 Altior
1028 3454 1244 3517 Italiae
1272 3456 1460 3519 ruinis
1485 3455 1500 3520 l

627 3538 852 3603 Fertur
879 3541 1129 3623 pudicae
1161 3542 1430 3624 conjugis
1460 3542 1727 3605 osculum

547 3630 550 3633 ’
626 3623 977 3707 Parvosque
1007 3633 1178 3689 natos
1229 3634 1299 3688 ut
1329 3628 1540 3710 capitis
1569 3627 1761 3691 minor

711 3711 816 3774 Ab
845 3731 909 3773 se
933 3712 1252 3775 removisse
1305 3718 1371 3775 et
1400 3713 1629 3775 virilem

798 3796 1029 3861 Torvus
1057 3798 1220 3860 humi
1247 3797 1513 3882 posuisse
1545 3797 1773 3862 voltum
1796 3814 1816 3861 2

2311 925 2375 975 10

2310 1348 2377 1399 15

2298 3482 2364 3533 40
