<?xml version="1.0" encoding="UTF-8"?>
<!DOCTYPE html PUBLIC "-//W3C//DTD XHTML 1.0 Transitional//EN"
    "http://www.w3.org/TR/xhtml1/DTD/xhtml1-transitional.dtd">
<html xmlns="http://www.w3.org/1999/xhtml" xml:lang="en" lang="en">
 <head>
  <title>
</title>
<meta http-equiv="Content-Type" content="text/html;charset=utf-8" />
  <meta name='ocr-system' content='tesseract 3.04.00' />
  <meta name='ocr-capabilities' content='ocr_page ocr_carea ocr_par ocr_line ocrx_word'/>
</head>
<body>
  <div class='ocr_page' id='page_1' title='image "./workshorace01chasgoog_0189.png"; bbox 0 0 2675 4409; ppageno 0'>
   <div class='ocr_carea' id='block_1_1' title="bbox 387 209 1607 324">
    <p class='ocr_par' dir='ltr' id='par_1_1' title="bbox 387 209 1607 324">
     <span class='ocr_line' id='line_1_1' title="bbox 387 209 1607 324; baseline -0.002 -2"><span class='ocrx_word' id='word_1_1' title='bbox 387 209 514 324; x_wconf 25' lang='lat'>1³74</span> <span class='ocrx_word' id='word_1_2' title='bbox 1236 272 1607 320; x_wconf 68' lang='lat' dir='ltr'>sA‘rmAmm</span> 
     </span>
    </p>
   </div>
   <div class='ocr_carea' id='block_1_2' title="bbox 388 425 1831 682">
    <p class='ocr_par' dir='ltr' id='par_1_2' title="bbox 388 425 1831 682">
     <span class='ocr_line' id='line_1_2' title="bbox 388 425 1704 510; baseline 0 -20"><span class='ocrx_word' id='word_1_3' title='bbox 388 426 642 490; x_wconf 82' lang='lat' dir='ltr'>Cervius</span> <span class='ocrx_word' id='word_1_4' title='bbox 670 425 821 489; x_wconf 88' lang='lat' dir='ltr'>haec</span> <span class='ocrx_word' id='word_1_5' title='bbox 851 425 1011 489; x_wconf 83' lang='lat' dir='ltr'>inter</span> <span class='ocrx_word' id='word_1_6' title='bbox 1038 425 1268 490; x_wconf 89' lang='lat' dir='ltr'>vicinus</span> <span class='ocrx_word' id='word_1_7' title='bbox 1298 427 1489 510; x_wconf 86' lang='lat' dir='ltr'>garrit</span> <span class='ocrx_word' id='word_1_8' title='bbox 1516 427 1704 491; x_wconf 88' lang='lat' dir='ltr'>aniles</span> 
     </span>
     <span class='ocr_line' id='line_1_3' title="bbox 389 509 1831 598; baseline 0.001 -23"><span class='ocrx_word' id='word_1_9' title='bbox 389 510 483 575; x_wconf 88' lang='lat' dir='ltr'>Ex</span> <span class='ocrx_word' id='word_1_10' title='bbox 514 534 578 574; x_wconf 92' lang='lat' dir='ltr'>re</span> <span class='ocrx_word' id='word_1_11' title='bbox 610 512 877 575; x_wconf 88' lang='lat' dir='ltr'>fabellas.</span> <span class='ocrx_word' id='word_1_12' title='bbox 971 509 1038 574; x_wconf 78' lang='lat' dir='ltr'>Si</span> <span class='ocrx_word' id='word_1_13' title='bbox 1067 512 1198 595; x_wconf 90' lang='lat' dir='ltr'>quis</span> <span class='ocrx_word' id='word_1_14' title='bbox 1227 534 1364 576; x_wconf 87' lang='lat' dir='ltr'>nam</span> <span class='ocrx_word' id='word_1_15' title='bbox 1386 513 1603 598; x_wconf 38' lang='lat' dir='ltr'>‚laudat</span> <span class='ocrx_word' id='word_1_16' title='bbox 1633 512 1831 576; x_wconf 91' lang='lat' dir='ltr'>Arelli</span> 
     </span>
     <span class='ocr_line' id='line_1_4' title="bbox 391 596 1831 682; baseline -0.001 -22"><span class='ocrx_word' id='word_1_17' title='bbox 391 596 686 660; x_wconf 85' lang='lat' dir='ltr'>Sollicitas</span> <span class='ocrx_word' id='word_1_18' title='bbox 715 597 961 679; x_wconf 84' lang='lat' dir='ltr'>ignarus</span> <span class='ocrx_word' id='word_1_19' title='bbox 991 619 1156 680; x_wconf 90' lang='lat' dir='ltr'>opes,</span> <span class='ocrx_word' id='word_1_20' title='bbox 1189 599 1274 661; x_wconf 89' lang='lat' dir='ltr'>sic</span> <span class='ocrx_word' id='word_1_21' title='bbox 1303 599 1553 682; x_wconf 79' lang='lat' dir='ltr'><strong>incipit:</strong></span> <span class='ocrx_word' id='word_1_22' title='bbox 1599 603 1640 635; x_wconf 90' lang='lat'><strong>“</strong></span> <span class='ocrx_word' id='word_1_23' title='bbox 1671 596 1831 660; x_wconf 87' lang='lat' dir='ltr'><strong>Olim</strong></span> 
     </span>
    </p>
   </div>
   <div class='ocr_carea' id='block_1_3' title="bbox 267 683 1929 768">
    <p class='ocr_par' dir='ltr' id='par_1_3' title="bbox 267 683 1929 768">
     <span class='ocr_line' id='line_1_5' title="bbox 267 683 1929 768; baseline -0.002 -18"><span class='ocrx_word' id='word_1_24' title='bbox 267 723 294 750; x_wconf 61' lang='grc' dir='ltr'>ι.</span> <span class='ocrx_word' id='word_1_25' title='bbox 385 683 670 746; x_wconf 84' lang='lat' dir='ltr'><strong>Rusticus</strong></span> <span class='ocrx_word' id='word_1_26' title='bbox 698 683 993 746; x_wconf 87' lang='lat' dir='ltr'>urbanum</span> <span class='ocrx_word' id='word_1_27' title='bbox 1022 705 1252 746; x_wconf 90' lang='lat' dir='ltr'>murem</span> <span class='ocrx_word' id='word_1_28' title='bbox 1279 705 1413 747; x_wconf 90' lang='lat' dir='ltr'>mus</span> <span class='ocrx_word' id='word_1_29' title='bbox 1443 705 1705 768; x_wconf 82' lang='lat' dir='ltr'>paupere</span> <span class='ocrx_word' id='word_1_30' title='bbox 1736 683 1929 747; x_wconf 87' lang='lat' dir='ltr'>fertur</span> 
     </span>
    </p>
   </div>
   <div class='ocr_carea' id='block_1_4' title="bbox 381 767 2160 1537">
    <p class='ocr_par' dir='ltr' id='par_1_4' title="bbox 383 767 2160 1107">
     <span class='ocr_line' id='line_1_6' title="bbox 385 767 1965 853; baseline 0.001 -24"><span class='ocrx_word' id='word_1_31' title='bbox 385 767 712 851; x_wconf 90' lang='lat' dir='ltr'>Accepisse</span> <span class='ocrx_word' id='word_1_32' title='bbox 745 789 913 847; x_wconf 78' lang='lat' dir='ltr'>caVO,</span> <span class='ocrx_word' id='word_1_33' title='bbox 945 774 1210 832; x_wconf 85' lang='lat' dir='ltr'>veterem</span> <span class='ocrx_word' id='word_1_34' title='bbox 1240 777 1415 842; x_wconf 83' lang='lat' dir='ltr'>vetus</span> <span class='ocrx_word' id='word_1_35' title='bbox 1443 771 1658 853; x_wconf 83' lang='lat' dir='ltr'>hospes</span> <span class='ocrx_word' id='word_1_36' title='bbox 1688 768 1965 850; x_wconf 90' lang='lat' dir='ltr'>amicum,</span> 
     </span>
     <span class='ocr_line' id='line_1_7' title="bbox 383 853 1877 937; baseline 0.001 -22"><span class='ocrx_word' id='word_1_37' title='bbox 383 853 589 936; x_wconf 84' lang='lat' dir='ltr'>Asper</span> <span class='ocrx_word' id='word_1_38' title='bbox 618 861 680 916; x_wconf 90' lang='lat' dir='ltr'>et</span> <span class='ocrx_word' id='word_1_39' title='bbox 709 861 976 917; x_wconf 87' lang='lat' dir='ltr'>attentus</span> <span class='ocrx_word' id='word_1_40' title='bbox 1007 855 1315 937; x_wconf 79' lang='lat' dir='ltr'><strong>quaesitis,</strong></span> <span class='ocrx_word' id='word_1_41' title='bbox 1345 862 1416 917; x_wconf 91' lang='lat' dir='ltr'>ut</span> <span class='ocrx_word' id='word_1_42' title='bbox 1446 862 1649 917; x_wconf 90' lang='lat' dir='ltr'>tamen</span> <span class='ocrx_word' id='word_1_43' title='bbox 1679 862 1877 917; x_wconf 86' lang='lat' dir='ltr'>artum</span> 
     </span>
     <span class='ocr_line' id='line_1_8' title="bbox 390 936 2160 1024; baseline 0.003 -24"><span class='ocrx_word' id='word_1_44' title='bbox 390 936 664 1001; x_wconf 79' lang='lat' dir='ltr'>Solveret</span> <span class='ocrx_word' id='word_1_45' title='bbox 691 939 959 1023; x_wconf 86' lang='lat' dir='ltr'>hospitiis</span> <span class='ocrx_word' id='word_1_46' title='bbox 989 941 1270 1002; x_wconf 87' lang='lat' dir='ltr'>animum.</span> <span class='ocrx_word' id='word_1_47' title='bbox 1364 939 1522 1013; x_wconf 82' lang='lat' dir='ltr'>Quid</span> <span class='ocrx_word' id='word_1_48' title='bbox 1550 938 1789 1002; x_wconf 76' lang='lat' dir='ltr'>multa?</span> <span class='ocrx_word' id='word_1_49' title='bbox 1833 961 2031 1024; x_wconf 88' lang='lat' dir='ltr'>neque</span> <span class='ocrx_word' id='word_1_50' title='bbox 2060 941 2160 1006; x_wconf 85' lang='lat' dir='ltr'>ille</span> 
     </span>
     <span class='ocr_line' id='line_1_9' title="bbox 389 1021 1793 1107; baseline 0.001 -22"><span class='ocrx_word' id='word_1_51' title='bbox 389 1021 645 1106; x_wconf 86' lang='lat' dir='ltr'>Sepositi</span> <span class='ocrx_word' id='word_1_52' title='bbox 675 1025 884 1090; x_wconf 89' lang='lat' dir='ltr'>ciceris</span> <span class='ocrx_word' id='word_1_53' title='bbox 913 1046 1025 1088; x_wconf 91' lang='lat' dir='ltr'>nec</span> <span class='ocrx_word' id='word_1_54' title='bbox 1055 1026 1268 1107; x_wconf 84' lang='lat' dir='ltr'>longae</span> <span class='ocrx_word' id='word_1_55' title='bbox 1299 1025 1514 1088; x_wconf 87' lang='lat' dir='ltr'>invidit</span> <span class='ocrx_word' id='word_1_56' title='bbox 1543 1044 1793 1104; x_wconf 81' lang='lat' dir='ltr'>avenae,</span> 
     </span>
    </p>

    <p class='ocr_par' dir='ltr' id='par_1_5' title="bbox 381 1108 1928 1280">
     <span class='ocr_line' id='line_1_10' title="bbox 382 1108 1928 1194; baseline 0.001 -22"><span class='ocrx_word' id='word_1_57' title='bbox 382 1109 643 1174; x_wconf 90' lang='lat' dir='ltr'>Aridum</span> <span class='ocrx_word' id='word_1_58' title='bbox 674 1117 737 1174; x_wconf 92' lang='lat' dir='ltr'>et</span> <span class='ocrx_word' id='word_1_59' title='bbox 766 1131 867 1175; x_wconf 91' lang='lat' dir='ltr'>ore</span> <span class='ocrx_word' id='word_1_60' title='bbox 897 1111 1098 1174; x_wconf 88' lang='lat' dir='ltr'>ferens</span> <span class='ocrx_word' id='word_1_61' title='bbox 1127 1111 1364 1173; x_wconf 88' lang='lat' dir='ltr'>acinum</span> <span class='ocrx_word' id='word_1_62' title='bbox 1396 1131 1744 1194; x_wconf 83' lang='lat' dir='ltr'>semesaque</span> <span class='ocrx_word' id='word_1_63' title='bbox 1773 1108 1928 1174; x_wconf 89' lang='lat' dir='ltr'>lardi</span> 
     </span>
     <span class='ocr_line' id='line_1_11' title="bbox 381 1191 1783 1280; baseline 0.002 -23"><span class='ocrx_word' id='word_1_64' title='bbox 381 1191 606 1260; x_wconf 89' lang='lat' dir='ltr'>Frusta</span> <span class='ocrx_word' id='word_1_65' title='bbox 633 1195 823 1277; x_wconf 80' lang='lat' dir='ltr'>dedit,</span> <span class='ocrx_word' id='word_1_66' title='bbox 854 1195 1101 1280; x_wconf 90' lang='lat' dir='ltr'>cupiens</span> <span class='ocrx_word' id='word_1_67' title='bbox 1127 1196 1298 1259; x_wconf 89' lang='lat' dir='ltr'>varia</span> <span class='ocrx_word' id='word_1_68' title='bbox 1322 1197 1564 1260; x_wconf 87' lang='lat' dir='ltr'>fastidia</span> <span class='ocrx_word' id='word_1_69' title='bbox 1594 1217 1783 1260; x_wconf 87' lang='lat' dir='ltr'>coena</span> 
     </span>
    </p>

    <p class='ocr_par' dir='ltr' id='par_1_6' title="bbox 382 1279 1965 1368">
     <span class='ocr_line' id='line_1_12' title="bbox 382 1279 1965 1368; baseline 0.003 -25"><span class='ocrx_word' id='word_1_70' title='bbox 382 1279 648 1345; x_wconf 82' lang='lat' dir='ltr'>Vincere</span> <span class='ocrx_word' id='word_1_71' title='bbox 678 1282 980 1366; x_wconf 85' lang='lat' dir='ltr'>tangentis</span> <span class='ocrx_word' id='word_1_72' title='bbox 1006 1283 1160 1356; x_wconf 82' lang='lat' dir='ltr'>male</span> <span class='ocrx_word' id='word_1_73' title='bbox 1191 1282 1427 1366; x_wconf 83' lang='lat' dir='ltr'>singula</span> <span class='ocrx_word' id='word_1_74' title='bbox 1454 1281 1634 1347; x_wconf 89' lang='lat' dir='ltr'>dente</span> <span class='ocrx_word' id='word_1_75' title='bbox 1664 1281 1921 1368; x_wconf 90' lang='lat' dir='ltr'>superbo</span> <span class='ocrx_word' id='word_1_76' title='bbox 1947 1300 1965 1360; x_wconf 93' lang='lat'>;</span> 
     </span>
    </p>

    <p class='ocr_par' dir='ltr' id='par_1_7' title="bbox 383 1365 1988 1537">
     <span class='ocr_line' id='line_1_13' title="bbox 385 1365 1988 1451; baseline 0.002 -22"><span class='ocrx_word' id='word_1_77' title='bbox 385 1365 537 1429; x_wconf 89' lang='lat' dir='ltr'>Cum</span> <span class='ocrx_word' id='word_1_78' title='bbox 569 1374 742 1451; x_wconf 86' lang='lat' dir='ltr'>pater</span> <span class='ocrx_word' id='word_1_79' title='bbox 769 1368 895 1450; x_wconf 89' lang='lat' dir='ltr'>ipse</span> <span class='ocrx_word' id='word_1_80' title='bbox 926 1367 1341 1451; x_wconf 69' lang='lat' dir='ltr'>domus&#39;palea</span> <span class='ocrx_word' id='word_1_81' title='bbox 1367 1375 1678 1451; x_wconf 84' lang='lat' dir='ltr'>porrectus</span> <span class='ocrx_word' id='word_1_82' title='bbox 1706 1368 1771 1432; x_wconf 90' lang='lat' dir='ltr'>in</span> <span class='ocrx_word' id='word_1_83' title='bbox 1797 1369 1988 1432; x_wconf 80' lang='lat' dir='ltr'>horna</span> 
     </span>
     <span class='ocr_line' id='line_1_14' title="bbox 383 1447 1975 1537; baseline -0.001 -21"><span class='ocrx_word' id='word_1_84' title='bbox 383 1447 565 1517; x_wconf 82' lang='lat' dir='ltr'>Esset</span> <span class='ocrx_word' id='word_1_85' title='bbox 594 1452 739 1515; x_wconf 84' lang='lat' dir='ltr'>ador</span> <span class='ocrx_word' id='word_1_86' title='bbox 766 1452 1110 1534; x_wconf 85' lang='lat' dir='ltr'>loliumque,</span> <span class='ocrx_word' id='word_1_87' title='bbox 1141 1453 1311 1535; x_wconf 89' lang='lat' dir='ltr'>dapis</span> <span class='ocrx_word' id='word_1_88' title='bbox 1338 1454 1585 1517; x_wconf 86' lang='lat' dir='ltr'>meliora</span> <span class='ocrx_word' id='word_1_89' title='bbox 1612 1453 1975 1537; x_wconf 88' lang='lat' dir='ltr'>relinquens.</span> 
     </span>
    </p>
   </div>
   <div class='ocr_carea' id='block_1_5' title="bbox 383 1533 2459 1621">
    <p class='ocr_par' dir='ltr' id='par_1_8' title="bbox 383 1533 2459 1621">
     <span class='ocr_line' id='line_1_15' title="bbox 383 1533 2459 1621; baseline 0.004 -24"><span class='ocrx_word' id='word_1_90' title='bbox 383 1533 652 1598; x_wconf 77' lang='lat' dir='ltr'>Tandem</span> <span class='ocrx_word' id='word_1_91' title='bbox 680 1538 943 1599; x_wconf 87' lang='lat' dir='ltr'>urbanus</span> <span class='ocrx_word' id='word_1_92' title='bbox 973 1536 1050 1599; x_wconf 89' lang='lat' dir='ltr'>ad</span> <span class='ocrx_word' id='word_1_93' title='bbox 1077 1538 1238 1599; x_wconf 91' lang='lat' dir='ltr'>hunc</span> <span class='ocrx_word' id='word_1_94' title='bbox 1255 1553 1279 1600; x_wconf 74' lang='grc' dir='ltr'><em>τ</em></span> <span class='ocrx_word' id='word_1_95' title='bbox 1305 1540 1323 1573; x_wconf 87' lang='lat'>‘</span> <span class='ocrx_word' id='word_1_96' title='bbox 1349 1533 1512 1608; x_wconf 89' lang='lat' dir='ltr'><strong>Quid</strong></span> <span class='ocrx_word' id='word_1_97' title='bbox 1541 1544 1603 1600; x_wconf 88' lang='lat' dir='ltr'>te</span> <span class='ocrx_word' id='word_1_98' title='bbox 1625 1537 1845 1619; x_wconf 86' lang='lat' dir='ltr'>juvat,&#39;</span> <span class='ocrx_word' id='word_1_99' title='bbox 1870 1537 2089 1621; x_wconf 88' lang='lat' dir='ltr'>inquit,</span> <span class='ocrx_word' id='word_1_100' title='bbox 2109 1541 2128 1577; x_wconf 91' lang='lat'>‘</span> <span class='ocrx_word' id='word_1_101' title='bbox 2148 1537 2363 1619; x_wconf 87' lang='lat' dir='ltr'>amice,</span> <span class='ocrx_word' id='word_1_102' title='bbox 2392 1560 2459 1610; x_wconf 86' lang='grc' dir='ltr'>9ο</span> 
     </span>
    </p>
   </div>
   <div class='ocr_carea' id='block_1_6' title="bbox 377 1617 2175 3913">
    <p class='ocr_par' dir='ltr' id='par_1_9' title="bbox 383 1617 1835 1708">
     <span class='ocr_line' id='line_1_16' title="bbox 383 1617 1835 1708; baseline 0.002 -27"><span class='ocrx_word' id='word_1_103' title='bbox 383 1617 706 1702; x_wconf 87' lang='lat' dir='ltr'>Praerupti</span> <span class='ocrx_word' id='word_1_104' title='bbox 734 1621 990 1684; x_wconf 88' lang='lat' dir='ltr'>nemoris</span> <span class='ocrx_word' id='word_1_105' title='bbox 1020 1622 1347 1703; x_wconf 82' lang='lat' dir='ltr'>patientem</span> <span class='ocrx_word' id='word_1_106' title='bbox 1374 1623 1577 1685; x_wconf 89' lang='lat' dir='ltr'>vivere</span> <span class='ocrx_word' id='word_1_107' title='bbox 1608 1620 1781 1684; x_wconf 87' lang='lat' dir='ltr'>dorso</span> <span class='ocrx_word' id='word_1_108' title='bbox 1778 1623 1835 1708; x_wconf 57' lang='grc' dir='ltr'><em>β</em></span> 
     </span>
    </p>

    <p class='ocr_par' dir='ltr' id='par_1_10' title="bbox 381 1703 2065 2129">
     <span class='ocr_line' id='line_1_17' title="bbox 383 1703 2065 1790; baseline 0.001 -23"><span class='ocrx_word' id='word_1_109' title='bbox 383 1703 498 1767; x_wconf 89' lang='lat' dir='ltr'>Vis</span> <span class='ocrx_word' id='word_1_110' title='bbox 525 1711 596 1767; x_wconf 90' lang='lat' dir='ltr'>tu</span> <span class='ocrx_word' id='word_1_111' title='bbox 624 1705 890 1768; x_wconf 87' lang='lat' dir='ltr'>homines</span> <span class='ocrx_word' id='word_1_112' title='bbox 917 1706 1247 1789; x_wconf 90' lang='lat' dir='ltr'>urbemque</span> <span class='ocrx_word' id='word_1_113' title='bbox 1276 1705 1421 1768; x_wconf 90' lang='lat' dir='ltr'>feris</span> <span class='ocrx_word' id='word_1_114' title='bbox 1450 1726 1818 1790; x_wconf 86' lang='lat' dir='ltr'>praeponere</span> <span class='ocrx_word' id='word_1_115' title='bbox 1848 1706 2009 1769; x_wconf 88' lang='lat' dir='ltr'>silvis</span> <span class='ocrx_word' id='word_1_116' title='bbox 2036 1705 2065 1770; x_wconf 81' lang='lat'>⁴?</span> 
     </span>
     <span class='ocr_line' id='line_1_18' title="bbox 385 1776 2061 1873; baseline 0.002 -22"><span class='ocrx_word' id='word_1_117' title='bbox 385 1789 582 1873; x_wconf 85' lang='lat' dir='ltr'>Carpe</span> <span class='ocrx_word' id='word_1_118' title='bbox 613 1791 792 1868; x_wconf 86' lang='lat' dir='ltr'>viam,</span> <span class='ocrx_word' id='word_1_119' title='bbox 822 1790 966 1852; x_wconf 89' lang='lat' dir='ltr'>mihi</span> <span class='ocrx_word' id='word_1_120' title='bbox 995 1791 1200 1870; x_wconf 91' lang='lat' dir='ltr'>crede,</span> <span class='ocrx_word' id='word_1_121' title='bbox 1231 1810 1461 1871; x_wconf 84' lang='lat' dir='ltr'>comes3</span> <span class='ocrx_word' id='word_1_122' title='bbox 1481 1776 1793 1854; x_wconf 65' lang='lat' dir='ltr'>terrestria</span> <span class='ocrx_word' id='word_1_123' title='bbox 1823 1791 2061 1873; x_wconf 89' lang='lat' dir='ltr'>quando</span> 
     </span>
     <span class='ocr_line' id='line_1_19' title="bbox 381 1874 1928 1959; baseline -0.001 -22"><span class='ocrx_word' id='word_1_124' title='bbox 381 1874 672 1938; x_wconf 84' lang='lat' dir='ltr'>Mortales</span> <span class='ocrx_word' id='word_1_125' title='bbox 703 1875 930 1938; x_wconf 87' lang='lat' dir='ltr'>animas</span> <span class='ocrx_word' id='word_1_126' title='bbox 956 1875 1168 1938; x_wconf 85' lang='lat' dir='ltr'>vivunt</span> <span class='ocrx_word' id='word_1_127' title='bbox 1195 1876 1428 1954; x_wconf 83' lang='lat' dir='ltr'>sortita,</span> <span class='ocrx_word' id='word_1_128' title='bbox 1457 1895 1654 1959; x_wconf 88' lang='lat' dir='ltr'>neque</span> <span class='ocrx_word' id='word_1_129' title='bbox 1684 1877 1807 1938; x_wconf 88' lang='lat' dir='ltr'>ulla</span> <span class='ocrx_word' id='word_1_130' title='bbox 1836 1887 1928 1938; x_wconf 85' lang='lat' dir='ltr'>est</span> 
     </span>
     <span class='ocr_line' id='line_1_20' title="bbox 381 1957 2059 2044; baseline 0.001 -22"><span class='ocrx_word' id='word_1_131' title='bbox 381 1957 516 2022; x_wconf 88' lang='lat' dir='ltr'>Aut</span> <span class='ocrx_word' id='word_1_132' title='bbox 543 1979 759 2042; x_wconf 87' lang='lat' dir='ltr'>magno</span> <span class='ocrx_word' id='word_1_133' title='bbox 790 1966 896 2022; x_wconf 88' lang='lat' dir='ltr'>aut</span> <span class='ocrx_word' id='word_1_134' title='bbox 923 1981 1106 2043; x_wconf 86' lang='lat' dir='ltr'>parvo</span> <span class='ocrx_word' id='word_1_135' title='bbox 1133 1960 1242 2023; x_wconf 88' lang='lat' dir='ltr'>leti</span> <span class='ocrx_word' id='word_1_136' title='bbox 1270 1960 1453 2044; x_wconf 85' lang='lat' dir='ltr'>fuga:</span> <span class='ocrx_word' id='word_1_137' title='bbox 1502 1982 1642 2044; x_wconf 91' lang='lat' dir='ltr'>quo,</span> <span class='ocrx_word' id='word_1_138' title='bbox 1670 1961 1846 2037; x_wconf 88' lang='lat' dir='ltr'>bone,</span> <span class='ocrx_word' id='word_1_139' title='bbox 1876 1959 2059 2041; x_wconf 87' lang='lat' dir='ltr'>circa,</span> 
     </span>
     <span class='ocr_line' id='line_1_21' title="bbox 382 2042 1786 2129; baseline 0.003 -23"><span class='ocrx_word' id='word_1_140' title='bbox 382 2042 546 2106; x_wconf 86' lang='lat' dir='ltr'>Dum</span> <span class='ocrx_word' id='word_1_141' title='bbox 574 2044 717 2107; x_wconf 91' lang='lat' dir='ltr'>licet</span> <span class='ocrx_word' id='word_1_142' title='bbox 765 2044 828 2107; x_wconf 91' lang='lat' dir='ltr'>in</span> <span class='ocrx_word' id='word_1_143' title='bbox 858 2045 1036 2107; x_wconf 88' lang='lat' dir='ltr'>rebus</span> <span class='ocrx_word' id='word_1_144' title='bbox 1053 2045 1341 2129; x_wconf 90' lang='lat' dir='ltr'>jucundis</span> <span class='ocrx_word' id='word_1_145' title='bbox 1371 2047 1503 2108; x_wconf 91' lang='lat' dir='ltr'>vive</span> <span class='ocrx_word' id='word_1_146' title='bbox 1534 2047 1745 2110; x_wconf 87' lang='lat' dir='ltr'>beatus</span> <span class='ocrx_word' id='word_1_147' title='bbox 1769 2066 1786 2124; x_wconf 81' lang='lat'><em>3</em></span> 
     </span>
    </p>

    <p class='ocr_par' dir='ltr' id='par_1_11' title="bbox 379 2127 2149 2560">
     <span class='ocr_line' id='line_1_22' title="bbox 383 2127 2149 2217; baseline 0.002 -25"><span class='ocrx_word' id='word_1_148' title='bbox 383 2127 542 2192; x_wconf 92' lang='lat' dir='ltr'>Vive</span> <span class='ocrx_word' id='word_1_149' title='bbox 572 2150 800 2193; x_wconf 90' lang='lat' dir='ltr'>memor</span> <span class='ocrx_word' id='word_1_150' title='bbox 851 2150 1029 2214; x_wconf 87' lang='lat' dir='ltr'>quam</span> <span class='ocrx_word' id='word_1_151' title='bbox 1059 2131 1139 2194; x_wconf 89' lang='lat' dir='ltr'>sis</span> <span class='ocrx_word' id='word_1_152' title='bbox 1169 2131 1302 2195; x_wconf 87' lang='lat' dir='ltr'>aevi</span> <span class='ocrx_word' id='word_1_153' title='bbox 1331 2131 1581 2197; x_wconf 89' lang='lat' dir='ltr'>brevis.’</span> <span class='ocrx_word' id='word_1_154' title='bbox 1641 2131 1816 2196; x_wconf 91' lang='lat' dir='ltr'>Haec</span> <span class='ocrx_word' id='word_1_155' title='bbox 1844 2130 1949 2195; x_wconf 91' lang='lat' dir='ltr'>ubi</span> <span class='ocrx_word' id='word_1_156' title='bbox 1978 2129 2149 2217; x_wconf 47' lang='lat' dir='ltr'>dicta,</span> 
     </span>
     <span class='ocr_line' id='line_1_23' title="bbox 380 2205 1879 2300; baseline 0.001 -22"><span class='ocrx_word' id='word_1_157' title='bbox 380 2214 709 2298; x_wconf 87' lang='lat' dir='ltr'>Agrestem</span> <span class='ocrx_word' id='word_1_158' title='bbox 739 2217 1022 2300; x_wconf 90' lang='lat' dir='ltr'>pepulere</span> <span class='ocrx_word' id='word_1_159' title='bbox 1077 2205 1251 2280; x_wconf 66' lang='lat' dir='ltr'>douio</span> <span class='ocrx_word' id='word_1_160' title='bbox 1278 2217 1429 2281; x_wconf 89' lang='lat' dir='ltr'>levis</span> <span class='ocrx_word' id='word_1_161' title='bbox 1458 2217 1654 2282; x_wconf 83' lang='lat' dir='ltr'>exsilit</span> <span class='ocrx_word' id='word_1_162' title='bbox 1679 2239 1696 2296; x_wconf 85' lang='lat'><em>3</em></span> <span class='ocrx_word' id='word_1_163' title='bbox 1728 2217 1879 2281; x_wconf 86' lang='lat' dir='ltr'>&#39;inde</span> 
     </span>
     <span class='ocr_line' id='line_1_24' title="bbox 379 2300 1931 2389; baseline 0.003 -27"><span class='ocrx_word' id='word_1_164' title='bbox 379 2300 581 2364; x_wconf 92' lang='lat' dir='ltr'>Ambo</span> <span class='ocrx_word' id='word_1_165' title='bbox 606 2302 968 2384; x_wconf 90' lang='lat' dir='ltr'>propositum</span> <span class='ocrx_word' id='word_1_166' title='bbox 997 2309 1294 2389; x_wconf 75' lang='lat' dir='ltr'>peragunt</span> <span class='ocrx_word' id='word_1_167' title='bbox 1321 2304 1460 2383; x_wconf 91' lang='lat' dir='ltr'>iter,</span> <span class='ocrx_word' id='word_1_168' title='bbox 1488 2303 1653 2368; x_wconf 90' lang='lat' dir='ltr'>urbis</span> <span class='ocrx_word' id='word_1_169' title='bbox 1683 2310 1931 2368; x_wconf 78' lang='lat' dir='ltr'>aventes</span> 
     </span>
     <span class='ocr_line' id='line_1_25' title="bbox 379 2383 1928 2474; baseline 0.003 -26"><span class='ocrx_word' id='word_1_170' title='bbox 379 2383 625 2449; x_wconf 90' lang='lat' dir='ltr'>Moenia</span> <span class='ocrx_word' id='word_1_171' title='bbox 653 2386 928 2450; x_wconf 85' lang='lat' dir='ltr'>nocturni</span> <span class='ocrx_word' id='word_1_172' title='bbox 955 2387 1301 2471; x_wconf 82' lang='lat' dir='ltr'>subrepere.</span> <span class='ocrx_word' id='word_1_173' title='bbox 1390 2387 1651 2474; x_wconf 85' lang='lat' dir='ltr'>Jamque</span> <span class='ocrx_word' id='word_1_174' title='bbox 1676 2385 1928 2452; x_wconf 65' lang='lat' dir='ltr'>*tenebat</span> 
     </span>
     <span class='ocr_line' id='line_1_26' title="bbox 379 2470 1951 2560; baseline 0.002 -26"><span class='ocrx_word' id='word_1_175' title='bbox 379 2470 521 2534; x_wconf 88' lang='lat' dir='ltr'>Nox</span> <span class='ocrx_word' id='word_1_176' title='bbox 548 2472 811 2536; x_wconf 90' lang='lat' dir='ltr'>medium</span> <span class='ocrx_word' id='word_1_177' title='bbox 842 2473 996 2536; x_wconf 85' lang='lat' dir='ltr'>caeli</span> <span class='ocrx_word' id='word_1_178' title='bbox 1023 2474 1282 2558; x_wconf 70' lang='lat' dir='ltr'>spatium</span> <span class='ocrx_word' id='word_1_179' title='bbox 1334 2493 1475 2537; x_wconf 91' lang='lat' dir='ltr'>cum</span> <span class='ocrx_word' id='word_1_180' title='bbox 1502 2475 1668 2560; x_wconf 88' lang='lat' dir='ltr'>ponit</span> <span class='ocrx_word' id='word_1_181' title='bbox 1694 2481 1951 2558; x_wconf 90' lang='lat' dir='ltr'>uterque</span> 
     </span>
    </p>

    <p class='ocr_par' dir='ltr' id='par_1_12' title="bbox 377 2556 2039 3322">
     <span class='ocr_line' id='line_1_27' title="bbox 378 2556 1841 2658; baseline 0.001 -38"><span class='ocrx_word' id='word_1_182' title='bbox 378 2556 456 2620; x_wconf 89' lang='lat' dir='ltr'>Iu</span> <span class='ocrx_word' id='word_1_183' title='bbox 484 2558 780 2641; x_wconf 86' lang='lat' dir='ltr'>locuplete</span> <span class='ocrx_word' id='word_1_184' title='bbox 811 2557 986 2622; x_wconf 90' lang='lat' dir='ltr'>domo</span> <span class='ocrx_word' id='word_1_185' title='bbox 1013 2558 1291 2642; x_wconf 85' lang='lat' dir='ltr'>vestigia,</span> <span class='ocrx_word' id='word_1_186' title='bbox 1319 2559 1512 2658; x_wconf 55' lang='lat' dir='ltr'>mbgq</span> <span class='ocrx_word' id='word_1_187' title='bbox 1530 2560 1634 2623; x_wconf 86' lang='lat' dir='ltr'>ubi</span> <span class='ocrx_word' id='word_1_188' title='bbox 1664 2579 1841 2623; x_wconf 90' lang='lat' dir='ltr'>cocco</span> 
     </span>
     <span class='ocr_line' id='line_1_28' title="bbox 377 2641 1854 2727; baseline 0.002 -22"><span class='ocrx_word' id='word_1_189' title='bbox 377 2641 594 2706; x_wconf 79' lang='lat' dir='ltr'>Tincta</span> <span class='ocrx_word' id='word_1_190' title='bbox 621 2664 802 2727; x_wconf 91' lang='lat' dir='ltr'>super</span> <span class='ocrx_word' id='word_1_191' title='bbox 828 2643 1017 2708; x_wconf 90' lang='lat' dir='ltr'>lectos</span> <span class='ocrx_word' id='word_1_192' title='bbox 1047 2645 1337 2708; x_wconf 83' lang='lat' dir='ltr'>canderet</span> <span class='ocrx_word' id='word_1_193' title='bbox 1365 2652 1547 2708; x_wconf 80' lang='lat' dir='ltr'>vestis</span> <span class='ocrx_word' id='word_1_194' title='bbox 1573 2646 1854 2726; x_wconf 76' lang='lat' dir='ltr'>ebur&#39;nOS,</span> 
     </span>
     <span class='ocr_line' id='line_1_29' title="bbox 377 2727 1961 2814; baseline 0.001 -23"><span class='ocrx_word' id='word_1_195' title='bbox 377 2727 694 2812; x_wconf 82' lang='lat' dir='ltr'>Multaque</span> <span class='ocrx_word' id='word_1_196' title='bbox 728 2728 804 2792; x_wconf 89' lang='lat' dir='ltr'>de</span> <span class='ocrx_word' id='word_1_197' title='bbox 832 2750 1054 2814; x_wconf 85' lang='lat' dir='ltr'>magna</span> <span class='ocrx_word' id='word_1_198' title='bbox 1081 2736 1466 2814; x_wconf 89' lang='lat' dir='ltr'>superessent</span> <span class='ocrx_word' id='word_1_199' title='bbox 1492 2730 1723 2796; x_wconf 88' lang='lat' dir='ltr'>fercula</span> <span class='ocrx_word' id='word_1_200' title='bbox 1751 2749 1961 2810; x_wconf 86' lang='lat' dir='ltr'>coena,</span> 
     </span>
     <span class='ocr_line' id='line_1_30' title="bbox 379 2813 2039 2897; baseline 0.001 -21"><span class='ocrx_word' id='word_1_201' title='bbox 379 2813 549 2885; x_wconf 88' lang='lat' dir='ltr'>Quae</span> <span class='ocrx_word' id='word_1_202' title='bbox 580 2815 788 2897; x_wconf 90' lang='lat' dir='ltr'>procul</span> <span class='ocrx_word' id='word_1_203' title='bbox 817 2815 1135 2880; x_wconf 85' lang='lat' dir='ltr'>exstructis</span> <span class='ocrx_word' id='word_1_204' title='bbox 1166 2817 1408 2881; x_wconf 86' lang='lat' dir='ltr'>inerant</span> <span class='ocrx_word' id='word_1_205' title='bbox 1434 2816 1717 2880; x_wconf 90' lang='lat' dir='ltr'>hesterna</span> <span class='ocrx_word' id='word_1_206' title='bbox 1747 2814 2039 2880; x_wconf 82' lang='lat' dir='ltr'>canistris.</span> 
     </span>
     <span class='ocr_line' id='line_1_31' title="bbox 381 2897 1918 2984; baseline 0.003 -24"><span class='ocrx_word' id='word_1_207' title='bbox 381 2897 547 2981; x_wconf 85' lang='lat' dir='ltr'>Ergo</span> <span class='ocrx_word' id='word_1_208' title='bbox 576 2900 679 2974; x_wconf 84' lang='lat' dir='ltr'>ubi</span> <span class='ocrx_word' id='word_1_209' title='bbox 708 2918 1011 2983; x_wconf 89' lang='lat' dir='ltr'>purpurea</span> <span class='ocrx_word' id='word_1_210' title='bbox 1033 2910 1381 2984; x_wconf 69' lang='lat' dir='ltr'>porrectum</span> <span class='ocrx_word' id='word_1_211' title='bbox 1408 2901 1472 2962; x_wconf 91' lang='lat' dir='ltr'>in</span> <span class='ocrx_word' id='word_1_212' title='bbox 1500 2909 1668 2965; x_wconf 90' lang='lat' dir='ltr'>veste</span> <span class='ocrx_word' id='word_1_213' title='bbox 1696 2901 1918 2965; x_wconf 80' lang='lat' dir='ltr'>locavit</span> 
     </span>
     <span class='ocr_line' id='line_1_32' title="bbox 378 2986 1865 3068; baseline 0.001 -22"><span class='ocrx_word' id='word_1_214' title='bbox 378 2986 729 3065; x_wconf 85' lang='lat' dir='ltr'>Agrestem,</span> <span class='ocrx_word' id='word_1_215' title='bbox 760 2986 961 3058; x_wconf 63' lang='lat' dir='ltr'>veluti</span> <span class='ocrx_word' id='word_1_216' title='bbox 972 2986 1311 3048; x_wconf 88' lang='lat' dir='ltr'>succinctus</span> <span class='ocrx_word' id='word_1_217' title='bbox 1371 2987 1623 3048; x_wconf 85' lang='lat' dir='ltr'>cursitat</span> <span class='ocrx_word' id='word_1_218' title='bbox 1650 2987 1865 3068; x_wconf 91' lang='lat' dir='ltr'>hospes</span> 
     </span>
     <span class='ocr_line' id='line_1_33' title="bbox 379 3068 1855 3152; baseline 0.001 -23"><span class='ocrx_word' id='word_1_219' title='bbox 379 3068 821 3150; x_wconf 89' lang='lat' dir='ltr'>Continuatque</span> <span class='ocrx_word' id='word_1_220' title='bbox 853 3068 1036 3151; x_wconf 83' lang='lat' dir='ltr'>dapes</span> <span class='ocrx_word' id='word_1_221' title='bbox 1088 3090 1201 3132; x_wconf 90' lang='lat' dir='ltr'>nec</span> <span class='ocrx_word' id='word_1_222' title='bbox 1231 3091 1349 3144; x_wconf 79' lang='lat' dir='ltr'>non</span> <span class='ocrx_word' id='word_1_223' title='bbox 1377 3071 1685 3133; x_wconf 84' lang='lat' dir='ltr'>verniliter</span> <span class='ocrx_word' id='word_1_224' title='bbox 1711 3070 1855 3152; x_wconf 90' lang='lat' dir='ltr'>ipsis</span> 
     </span>
     <span class='ocr_line' id='line_1_34' title="bbox 381 3151 1995 3237; baseline 0.002 -25"><span class='ocrx_word' id='word_1_225' title='bbox 381 3151 683 3233; x_wconf 85' lang='lat' dir='ltr'>Fungitur</span> <span class='ocrx_word' id='word_1_226' title='bbox 709 3152 934 3229; x_wconf 72' lang='lat' dir='ltr'>officiis&#39;,</span> <span class='ocrx_word' id='word_1_227' title='bbox 964 3154 1381 3234; x_wconf 82' lang='lat' dir='ltr'>praelambens</span> <span class='ocrx_word' id='word_1_228' title='bbox 1411 3175 1583 3217; x_wconf 80' lang='lat' dir='ltr'>omne</span> <span class='ocrx_word' id='word_1_229' title='bbox 1614 3155 1772 3237; x_wconf 88' lang='lat' dir='ltr'>quod</span> <span class='ocrx_word' id='word_1_230' title='bbox 1802 3154 1995 3217; x_wconf 87' lang='lat' dir='ltr'>affert.</span> 
     </span>
     <span class='ocr_line' id='line_1_35' title="bbox 381 3236 1767 3322; baseline 0.002 -24"><span class='ocrx_word' id='word_1_231' title='bbox 381 3237 495 3299; x_wconf 93' lang='lat' dir='ltr'>Ille</span> <span class='ocrx_word' id='word_1_232' title='bbox 526 3238 750 3299; x_wconf 88' lang='lat' dir='ltr'>cubans</span> <span class='ocrx_word' id='word_1_233' title='bbox 778 3236 1005 3317; x_wconf 85' lang='lat' dir='ltr'>gaudet</span> <span class='ocrx_word' id='word_1_234' title='bbox 1032 3244 1264 3299; x_wconf 82' lang='lat' dir='ltr'>mutata</span> <span class='ocrx_word' id='word_1_235' title='bbox 1291 3244 1451 3300; x_wconf 90' lang='lat' dir='ltr'>sorte</span> <span class='ocrx_word' id='word_1_236' title='bbox 1481 3238 1767 3322; x_wconf 92' lang='lat' dir='ltr'>bonisque</span> 
     </span>
    </p>

    <p class='ocr_par' dir='ltr' id='par_1_13' title="bbox 377 3315 2175 3913">
     <span class='ocr_line' id='line_1_36' title="bbox 377 3315 1985 3408; baseline 0.002 -24"><span class='ocrx_word' id='word_1_237' title='bbox 377 3320 583 3385; x_wconf 88' lang='lat' dir='ltr'>Rebus</span> <span class='ocrx_word' id='word_1_238' title='bbox 613 3315 741 3404; x_wconf 62' lang='lat' dir='ltr'>agit</span> <span class='ocrx_word' id='word_1_239' title='bbox 768 3323 993 3384; x_wconf 89' lang='lat' dir='ltr'>laetum</span> <span class='ocrx_word' id='word_1_240' title='bbox 1023 3322 1353 3402; x_wconf 79' lang='lat' dir='ltr'>convivam,</span> <span class='ocrx_word' id='word_1_241' title='bbox 1384 3343 1520 3385; x_wconf 87' lang='lat' dir='ltr'>cum</span> <span class='ocrx_word' id='word_1_242' title='bbox 1550 3326 1743 3388; x_wconf 86' lang='lat' dir='ltr'>subito</span> <span class='ocrx_word' id='word_1_243' title='bbox 1772 3323 1985 3408; x_wconf 85' lang='lat' dir='ltr'>ingens</span> 
     </span>
     <span class='ocr_line' id='line_1_37' title="bbox 377 3407 1884 3493; baseline 0.001 -22"><span class='ocrx_word' id='word_1_244' title='bbox 377 3408 711 3471; x_wconf 85' lang='lat' dir='ltr'>Valvarum</span> <span class='ocrx_word' id='word_1_245' title='bbox 739 3407 1021 3492; x_wconf 87' lang='lat' dir='ltr'>strepitus</span> <span class='ocrx_word' id='word_1_246' title='bbox 1048 3407 1220 3470; x_wconf 85' lang='lat' dir='ltr'>lectis</span> <span class='ocrx_word' id='word_1_247' title='bbox 1254 3410 1515 3471; x_wconf 78' lang='lat' dir='ltr'>excussit</span> <span class='ocrx_word' id='word_1_248' title='bbox 1542 3419 1884 3493; x_wconf 88' lang='lat' dir='ltr'>utrumque.</span> 
     </span>
     <span class='ocr_line' id='line_1_38' title="bbox 379 3493 1902 3580; baseline 0.001 -24"><span class='ocrx_word' id='word_1_249' title='bbox 379 3494 641 3557; x_wconf 85' lang='lat' dir='ltr'>Currere</span> <span class='ocrx_word' id='word_1_250' title='bbox 672 3516 781 3577; x_wconf 91' lang='lat' dir='ltr'>per</span> <span class='ocrx_word' id='word_1_251' title='bbox 809 3501 999 3556; x_wconf 85' lang='lat' dir='ltr'>totum</span> <span class='ocrx_word' id='word_1_252' title='bbox 1028 3493 1230 3576; x_wconf 89' lang='lat' dir='ltr'>pavidi</span> <span class='ocrx_word' id='word_1_253' title='bbox 1260 3495 1565 3575; x_wconf 87' lang='lat' dir='ltr'>conclave,</span> <span class='ocrx_word' id='word_1_254' title='bbox 1592 3497 1902 3580; x_wconf 85' lang='lat' dir='ltr'>magisque</span> 
     </span>
     <span class='ocr_line' id='line_1_39' title="bbox 379 3579 1961 3662; baseline 0.001 -20"><span class='ocrx_word' id='word_1_255' title='bbox 379 3579 703 3642; x_wconf 89' lang='lat' dir='ltr'>Exanimes</span> <span class='ocrx_word' id='word_1_256' title='bbox 733 3580 1055 3662; x_wconf 86' lang='lat' dir='ltr'>trepidare,</span> <span class='ocrx_word' id='word_1_257' title='bbox 1087 3579 1259 3642; x_wconf 91' lang='lat' dir='ltr'>simul</span> <span class='ocrx_word' id='word_1_258' title='bbox 1291 3580 1499 3643; x_wconf 89' lang='lat' dir='ltr'>domus</span> <span class='ocrx_word' id='word_1_259' title='bbox 1536 3583 1655 3644; x_wconf 87' lang='lat' dir='ltr'>alta</span> <span class='ocrx_word' id='word_1_260' title='bbox 1686 3581 1961 3644; x_wconf 88' lang='lat' dir='ltr'>Molossis</span> 
     </span>
     <span class='ocr_line' id='line_1_40' title="bbox 377 3663 2175 3732; baseline 0.001 -5"><span class='ocrx_word' id='word_1_261' title='bbox 377 3665 694 3729; x_wconf 90' lang='lat' dir='ltr'>Personuit</span> <span class='ocrx_word' id='word_1_262' title='bbox 723 3666 990 3729; x_wconf 77' lang='lat' dir='ltr'>canibus·</span> <span class='ocrx_word' id='word_1_263' title='bbox 1080 3665 1232 3729; x_wconf 75' lang='lat' dir='ltr'>Tum</span> <span class='ocrx_word' id='word_1_264' title='bbox 1261 3666 1554 3732; x_wconf 77' lang='lat' dir='ltr'>rusticust</span> <span class='ocrx_word' id='word_1_265' title='bbox 1604 3671 1621 3704; x_wconf 81' lang='lat'><strong><em>⁶</em></strong></span> <span class='ocrx_word' id='word_1_266' title='bbox 1650 3667 1841 3731; x_wconf 91' lang='lat' dir='ltr'>Haud</span> <span class='ocrx_word' id='word_1_267' title='bbox 1872 3663 2016 3728; x_wconf 90' lang='lat' dir='ltr'>mihi</span> <span class='ocrx_word' id='word_1_268' title='bbox 2046 3664 2175 3730; x_wconf 85' lang='lat' dir='ltr'>vita</span> 
     </span>
     <span class='ocr_line' id='line_1_41' title="bbox 379 3748 2055 3838; baseline 0.004 -26"><span class='ocrx_word' id='word_1_269' title='bbox 379 3748 492 3813; x_wconf 85' lang='lat' dir='ltr'>Est</span> <span class='ocrx_word' id='word_1_270' title='bbox 520 3772 666 3834; x_wconf 89' lang='lat' dir='ltr'>opus</span> <span class='ocrx_word' id='word_1_271' title='bbox 695 3751 849 3830; x_wconf 88' lang='lat' dir='ltr'>hac,’</span> <span class='ocrx_word' id='word_1_272' title='bbox 889 3753 994 3833; x_wconf 84' lang='lat' dir='ltr'>ait,</span> <span class='ocrx_word' id='word_1_273' title='bbox 1025 3756 1044 3792; x_wconf 91' lang='lat'>‘</span> <span class='ocrx_word' id='word_1_274' title='bbox 1071 3759 1134 3819; x_wconf 91' lang='lat' dir='ltr'>et</span> <span class='ocrx_word' id='word_1_275' title='bbox 1163 3755 1407 3831; x_wconf 84' lang='lat' dir='ltr'>valeas3</span> <span class='ocrx_word' id='word_1_276' title='bbox 1437 3777 1535 3819; x_wconf 91' lang='lat' dir='ltr'>me</span> <span class='ocrx_word' id='word_1_277' title='bbox 1568 3756 1720 3820; x_wconf 86' lang='lat' dir='ltr'>silva</span> <span class='ocrx_word' id='word_1_278' title='bbox 1750 3774 2055 3838; x_wconf 83' lang='lat' dir='ltr'>cavusque</span> 
     </span>
     <span class='ocr_line' id='line_1_42' title="bbox 377 3835 1771 3913; baseline 0.007 -15"><span class='ocrx_word' id='word_1_279' title='bbox 377 3835 569 3900; x_wconf 73' lang='lat' dir='ltr'>Tutus</span> <span class='ocrx_word' id='word_1_280' title='bbox 599 3837 674 3901; x_wconf 90' lang='lat' dir='ltr'>ab</span> <span class='ocrx_word' id='word_1_281' title='bbox 703 3837 933 3902; x_wconf 83' lang='lat' dir='ltr'>insidiis</span> <span class='ocrx_word' id='word_1_282' title='bbox 964 3841 1130 3902; x_wconf 91' lang='lat' dir='ltr'>tenui</span> <span class='ocrx_word' id='word_1_283' title='bbox 1156 3841 1443 3907; x_wconf 87' lang='lat' dir='ltr'>solabitur</span> <span class='ocrx_word' id='word_1_284' title='bbox 1471 3847 1659 3913; x_wconf 85' lang='lat' dir='ltr'>ervo.’</span> <span class='ocrx_word' id='word_1_285' title='bbox 1687 3846 1729 3881; x_wconf 89' lang='lat'>&#39;&#39;</span> <span class='ocrx_word' id='word_1_286' title='bbox 1764 3903 1771 3908; x_wconf 82' lang='lat'><em>.</em></span> 
     </span>
    </p>
   </div>
   <div class='ocr_carea' id='block_1_7' title="bbox 1650 3959 1752 4024">
    <p class='ocr_par' dir='ltr' id='par_1_14' title="bbox 1650 3959 1752 4024">
     <span class='ocr_line' id='line_1_43' title="bbox 1650 3959 1752 4007; baseline 0 -33"><span class='ocrx_word' id='word_1_287' title='bbox 1650 3959 1752 4007; x_wconf 53' lang='grc' dir='ltr'>-Γ-Ιφ*</span> 
     </span>
     <span class='ocr_line' id='line_1_44' title="bbox 1706 4012 1715 4024; baseline 0 0"><span class='ocrx_word' id='word_1_288' title='bbox 1706 4012 1715 4024; x_wconf 67' lang='lat' dir='ltr'><em>a</em></span> 
     </span>
    </p>
   </div>
   <div class='ocr_carea' id='block_1_8' title="bbox 2362 2409 2454 2459">
    <p class='ocr_par' dir='ltr' id='par_1_15' title="bbox 2362 2409 2454 2459">
     <span class='ocr_line' id='line_1_45' title="bbox 2362 2409 2454 2459; baseline 0.011 -1"><span class='ocrx_word' id='word_1_289' title='bbox 2362 2409 2454 2459; x_wconf 81' lang='lat'>100</span> 
     </span>
    </p>
   </div>
   <div class='ocr_carea' id='block_1_9' title="bbox 2365 2834 2451 2882">
    <p class='ocr_par' dir='ltr' id='par_1_16' title="bbox 2365 2834 2451 2882">
     <span class='ocr_line' id='line_1_46' title="bbox 2365 2834 2451 2882; baseline 0 0"><span class='ocrx_word' id='word_1_290' title='bbox 2365 2834 2451 2882; x_wconf 85' lang='lat'>105</span> 
     </span>
    </p>
   </div>
   <div class='ocr_carea' id='block_1_10' title="bbox 2364 3257 2449 3306">
    <p class='ocr_par' dir='ltr' id='par_1_17' title="bbox 2364 3257 2449 3306">
     <span class='ocr_line' id='line_1_47' title="bbox 2364 3257 2449 3306; baseline -0.024 0"><span class='ocrx_word' id='word_1_291' title='bbox 2364 3257 2449 3306; x_wconf 82' lang='lat' dir='ltr'>lle</span> 
     </span>
    </p>
   </div>
   <div class='ocr_carea' id='block_1_11' title="bbox 2363 3685 2446 3734">
    <p class='ocr_par' dir='ltr' id='par_1_18' title="bbox 2363 3685 2446 3734">
     <span class='ocr_line' id='line_1_48' title="bbox 2363 3685 2446 3734; baseline -0.012 0"><span class='ocrx_word' id='word_1_292' title='bbox 2363 3685 2446 3734; x_wconf 78' lang='lat'>115</span> 
     </span>
    </p>
   </div>
  </div>
 </body>
</html>
