2675 4409
375 271 500 337 108
1155 290 1409 338 EPODON
1452 291 1665 338 nnn-R.

1061 616 1528 704 'CARMEN
1602 639 1751 706 1v.

711 979 911 1044 LUPIS
941 987 1005 1043 et
1033 981 1203 1062 agnis
1234 986 1461 1062 quanta
1490 979 1700 1043 sortito
1728 979 1967 1066 obtigit,

802 1066 1029 1129 Tecum
1057 1066 1201 1129 mihi
1231 1065 1529 1128 discordia
1558 1073 1674 1141 est,

710 1151 1016 1216 Hibericis
1046 1158 1290 1236 peruste
1321 1150 1564 1213 funibus
1585 1152 1746 1214 latus

798 1235 884 1299 Et
913 1258 1090 1300 crura
1124 1236 1278 1300 dura
1308 1236 1614 1318 compede.

709 1320 885 1385 Licet
913 1323 1205 1406 superbus
1236 1322 1503 1386 ambules
1532 1322 1811 1406 pecunia,

803 1407 1072 1471 Fortuna
1100 1430 1220 1472 non
1247 1414 1443 1470 mutat
1471 1429 1682 1489 genus.

715 1491 1009 1572 Videsne,
1044 1492 1293 1556 Sacram
1322 1493 1608 1555 metiente
1641 1500 1701 1556 te
1733 1491 1893 1554 viam

801 1577 954 1640 Cum
982 1578 1074 1640 bis
1105 1579 1285 1640 trium
1313 1579 1590 1640 ulnarum
1626 1587 1787 1659 toga,

711 1659 803 1725 Ut
830 1683 934 1724 ora
964 1670 1164 1724 vertat
1193 1663 1310 1725 huc
1344 1673 1407 1726 et
1435 1663 1552 1725 huo
1578 1663 1847 1726 euntium

797 1746 1131 1810 Liberrima
1161 1748 1489 1830 indignatio
1516 1747 1543 1810 ’.Ρ

717 1829 936 1896 Sectus
964 1834 1215 1916 flagellis
1242 1835 1340 1897 hic
1371 1832 1837 1896 triumviralibus

798 1916 1125 1982 Praeconis
1153 1919 1232 1982 ad
1261 1919 1566 1982 fastidium

708 2001 870 2067 Arat
899 2003 1142 2067 Falerni
1175 2006 1333 2067 mille
1366 2005 1538 2068 fundi
1555 2005 1780 2088 jugera

797 2087 882 2151 Et
902 2090 1166 2173 Appiam
1195 2091 1428 2154 mannis
1461 2091 1625 2169 terit,

717 2170 1134 2259 Sedilibusque
1165 2198 1419 2258 magnus
1449 2176 1511 2238 in
1542 2175 1744 2260 primis
1778 2195 1965 2260 eques

801 2258 1037 2326 Othone
1070 2269 1409 2349 contempto
1463 2259 1674 2326 sedet!

669 2357 676 2366 '
712 2341 874 2418 Quid
904 2347 1122 2409 attinet
1150 2355 1240 2410 tot
1268 2369 1375 2410 ora
1403 2347 1645 2410 navium
1674 2345 1848 2428 gravi

795 2429 1082 2493 Rostrata
1113 2431 1250 2494 duci
1280 2432 1545 2515 pondere

710 2509 937 2576 Oontra
963 2515 1228 2578 latrones
1255 2526 1437 2599 atque
1462 2516 1741 2578 servilem
1769 2536 2016 2580 manum

794 2597 957 2679 Hoo,
986 2600 1098 2664 hoc
1130 2601 1368 2664 tribuno
1396 2599 1697 2664 militum?

1100 3022 1555 3089 OARMEN
1614 3026 1697 3091 V.

621 3377 627 3383 ’
705 3358 830 3440 AT,
862 3384 896 3425 o
927 3363 1174 3427 deorum
1204 3365 1491 3448 quidquid
1521 3367 1583 3430 in
1614 3370 1780 3433 caelo
1808 3369 1967 3453 regit

796 3447 1015 3514 Terras
1045 3457 1108 3512 et
1135 3452 1462 3513 humanum
1492 3475 1709 3536 genuS,

714 3529 871 3604 Quid
903 3535 1014 3597 iste
1047 3536 1167 3597 fert
1196 3539 1532 3600 tumultus?
1578 3548 1686 3600 aut
1717 3541 1863 3621 quid
1892 3539 2155 3604 omnium

795 3617 1020 3683 Vultus
1049 3620 1112 3684 in
1141 3644 1326 3684 unum
1357 3644 1451 3684 me
1483 3623 1733 3686 truces?

708 3701 831 3765 Per
861 3705 1076 3770 liberos
1108 3714 1192 3784 te,
1224 3709 1274 3770 si
1307 3717 1519 3776 vocata
1548 3710 1839 3792 partubus

793 3789 1025 3856 Lucina
1055 3793 1211 3857 veris
1243 3796 1438 3876 affuit,

2390 1769 2448 1819 10

2386 2199 2449 2248 15
