2675 4409
889 292 900 312 ι
954 271 1081 318 LIB-
1123 271 1168 318 1.
1213 270 1416 321 EPIST.
1464 270 1589 322 vm

995 365 1004 373 ·
1127 364 1154 391 ο

231 425 271 461 “
291 421 434 487 Non
463 421 657 489 invisa
685 424 844 487 feres
874 426 1078 507 pue'ris
1106 428 1463 491 munuscula
1490 426 1762 510 parvis.”

229 512 268 545 “
289 509 442 573 Tam
473 516 684 573 teneor
714 508 890 589 d01i0,
923 510 1104 603 quam
1135 512 1185 574 si
1217 512 1483 576 dimittar
1512 511 1824 576 onustus-’⁹

227 598 266 631 “
288 594 386 659 Ut
415 595 603 672 libet;
648 594 1028 679 haec'porcis
1059 597 1234 659 hodie
1266 598 1635 661 comedenda
1664 598 2033 683 relinques.”

225 679 530 763 Prodigus
561 688 624 743 et
653 682 871 744 stultus
902 682 1086 745 donat
1115 703 1269 765 quae
1299 684 1531 766 spernit
1557 691 1620 746 et
1648 685 1775 747 odit
1801 706 1818 761 ;
1926 684 1935 689 “

223 766 402 829 Haec
435 788 614 848 seges
641 767 910 849 ingratos
941 769 1080 830 tulit
1108 777 1171 831 et
1199 769 1359 831 feret
1388 770 1658 832 omnibus
1689 772 1877 834 annis.

224 851 344 915 Vir
373 852 569 915 bouus
599 860 663 916 et
691 852 928 935 sapiens
959 853 1156 937 dignis
1186 854 1272 917 ait
1301 858 1433 919 esse
1468 862 1735 938 paratuS,

221 936 288 999 N
291 958 363 1001 ec
395 944 602 1001 tamen
630 938 868 1020 ignorat
896 938 1042 1021 quid
1075 939 1299 1002 distent
1329 960 1473 1003 aera
1500 941 1751 1023 lupinis:

219 1022 494 1105 Dignum
523 1024 844 1107 praestabo
873 1045 968 1087 me
1000 1025 1179 1087 etiam
1209 1047 1318 1108 pro
1349 1024 1527 1089 laude
1559 1028 1861 1091 merentis·

222 1108 457 1181 Quodsi
485 1130 582 1171 me
613 1110 782 1172 noles
811 1130 1066 1193 usquam
1097 1110 1433 1189 discedere,
1464 1110 1683 1177 reddes

218 1194 408 1257 Forte
438 1196 620 1273 latus,
652 1195 854 1277 nigros
883 1203 1140 1278 angusta
1168 1197 1368 1259 fronte
1400 1198 1665 1280 capiIIOS,

220 1280 474 1343 Reddes
505 1280 682 1343 dulce
711 1281 895 1363 loqui,
927 1281 1146 1345 reddes
1175 1282 1375 1345 ridere
1408 1282 1691 1345 decorum
1721 1288 1785 1347 et

221 1365 401 1428 Inter
428 1366 572 1430 vina
598 1366 806 1448 fugam
838 1365 1095 1430 Cinarae
1126 1388 1397 1430 maerere
1429 1376 1763 1450 protervae.
1849 1398 1861 1407 ·

221 1452 410 1515 Forte
441 1473 552 1535 per
580 1459 897 1534 angustam
927 1454 1126 1515 tenuis
1154 1454 1475 1537 vulpecula
1502 1454 1713 1517 rimam

222 1537 528 1620 Repserat
555 1538 618 1599 in
647 1558 950 1601 cumeram
981 1538 1289 1617 frumenti,
1320 1546 1613 1622 pastaque
1644 1558 1853 1604 rursus

221 1622 325 1686 Ire
355 1624 518 1686 foras
542 1624 716 1706 pleno
745 1623 1036 1687 tendebat
1075 1644 1324 1707 corpore
1355 1625 1620 1702 frustra3

224 1707 340 1771 Cui
369 1710 628 1772 mustela
653 1709 883 1791 procul,
915 1714 955 1747 “
983 1708 1050 1772 Si
1081 1710 1237 1789 vis,’'
1271 1710 1380 1789 ait,
1411 1717 1447 1749 ‘⁴
1470 1712 1734 1794 effugere
1764 1712 1964 1793 istinc,

221 1792 440 1857 Macra
469 1815 682 1857 cavum
714 1803 952 1877 repetes
982 1804 1181 1858 artum
1211 1818 1392 1879 quem
1420 1818 1625 1860 macra
1654 1798 1931 1861 subisti.’'

221 1880 363 1943 Hac
393 1902 510 1963 ego
541 1881 592 1943 si
622 1881 943 1963 compellor
973 1882 1230 1963 imagine
1263 1890 1484 1945 cuncta
1513 1884 1791 1965 resign03

220 1965 359 2029 Nec
390 1967 878 2049 somnum.plebis
908 1968 1088 2029 laudo
1119 1976 1300 2030 satur.
1319 1969 1589 2048 altilium,
1621 1990 1735 2033 nec

224 2050 369 2114 Otia
398 2051 621 2115 divitiis
650 2052 926 2119 Arabum
959 2053 1262 2115 liberrima
1289 2062 1476 2117 muto.

224 2136 422 2220 Saepe
455 2137 860 2201 verecundum
887 2139 1163 2216 laudasti,
1194 2160 1421 2221 rexque
1452 2146 1743 2225 paterque

219 2224 468 2287 Audisti
499 2244 720 2301 coram,
749 2244 863 2287 nec
897 2225 1078 2287 verbo
1108 2226 1348 2307 parcius
1378 2226 1592 2289 absens
1618 2249 1633 2289 ε

219 2308 464 2392 Inspice
496 2309 546 2371 si
580 2330 815 2392 possum
847 2310 1068 2373 donata
1096 2332 1388 2393 reponere
1418 2312 1647 2390 laetus,-

217 2392 411 2457 Haud
440 2395 596 2457 male
627 2395 1042 2474 Telemachus,
1075 2398 1270 2479 proles
1301 2398 1583 2479 patientis
1613 2396 1856 2461 Ulixei:

217 2484 261 2515 ‘⁴
281 2479 348 2546 N
349 2502 430 2542 on
461 2486 560 2543 est·
582 2487 755 2563 aptus
787 2482 957 2563 equis
987 2481 1200 2545 Ithace
1231 2483 1420 2561 locuS,
1452 2491 1521 2545 ut
1548 2506 1750 2567 neque
1778 2482 1969 2567 planis

220 2564 548 2628 Porrectus
579 2566 786 2648 spatiis
815 2588 928 2629 nec
958 2568 1180 2630 multae
1211 2569 1499 2651 prodigus
1528 2570 1791 2645 herbae;

217 2651 466 2729 Atride,
495 2651 687 2733 magis
717 2659 860 2735 apta
891 2652 998 2714 tibi
1028 2659 1134 2715 tua
1163 2653 1320 2717 dona
1349 2653 1750 2737 relinquam.’'

218 2735 486 2800 Parvum
517 2758 706 2819 parva
735 2736 994 2809 decent3
1040 2739 1183 2800 mihi
1203 2741 1331 2823 jam
1360 2762 1480 2802 non
1513 2740 1680 2821 regia
1711 2739 1928 2821 Roma,

223 2820 348 2885 Sed
378 2843 641 2886 vacuum,
666 2823 853 2886 Tibur
882 2824 1082 2906 placet
1113 2834 1219 2887 aut
1248 2827 1484 2887 imbelle
1516 2825 1861 2907 Tarentum.

223 2907 523 2971 Strenuus
539 2915 614 2974 :tt
641 2908 810 2971 fortis
843 2910 1158 2992 causisque
1192 2911 1503 2995 Philippus
1534 2912 1785 2995 agendis

221 2992 435 3057 Clarus
465 2994 545 3055 ab
571 2994 774 3057 officiis
804 3001 1078 3058 octavam
1108 2996 1348 3059 circiter
1377 2998 1581 3063 horam

219 3077 380 3141 Dum
407 3079 591 3157 redit,
621 3087 804 3163 atque
835 3080 990 3143 Foro
1021 3082 1266 3143 nimium
1299 3083 1520 3145 distare
1555 3082 1804 3145 Carinas

153 3244 164 3251 .
215 3162 260 3227 J
261 3185 356 3227 am
390 3163 638 3246 grandis
667 3174 816 3229 natu
847 3167 1142 3248 queritur,
1175 3170 1505 3251 conspexit,
1538 3176 1605 3231 ut
1636 3169 1825 3249 aiunt,

215 3249 526 3313 Adrasum
555 3246 856 3332 quendam
888 3272 1080 3315 vacua
1113 3255 1365 3316 tonsoris
1394 3255 1456 3317 in
1486 3256 1697 3318 umbra

218 3332 478 3397 Cultello
510 3337 776 3419 proprios
803 3345 1164 3418 purgantem
1193 3339 1412 3402 leniter
1442 3362 1691 3423 ungues·

215 3422 258 3456 “
284 3419 630 3499 Demetri,’'
651 3442 909 3504 —puer
937 3424 1035 3485 hic
1065 3445 1184 3486 non
1213 3425 1383 3487 laeve
1405 3427 1578 3509 jussa
1608 3424 1871 3507 Philippi

213 3504 579 3588 Accipiebat
598 3542 687 3553 —
709 3510 749 3543 “
767 3507 885 3586 abi,
918 3530 1141 3591 quaere
1175 3516 1239 3573 et
1267 3512 1451 3590 refer,
1477 3511 1637 3573 unde
1671 3510 1865 3590 dom0,
1896 3509 2052 3593 quis,

215 3588 403 3674 Cujus
431 3591 734 3670 fortunae,
765 3614 883 3676 quo
914 3595 996 3655 sit
1021 3602 1193 3676 patre
1225 3618 1418 3679 quove
1451 3595 1767 3679 patrono.’'

213 3673 296 3754 It,
327 3676 489 3739 redit
518 3683 584 3739 et
610 3686 841 3757 narrat,
876 3679 1187 3743 Volteium
1215 3683 1453 3743 nomine
1484 3680 1753 3760 Menam,

213 3759 609 3846 Praeconem,
637 3764 808 3829 tenui
836 3784 1044 3849 censu,
1073 3766 1201 3831 sine
1232 3768 1503 3849 crimine,
1531 3770 1739 3831 notum

2198 260 2323 327 191

2253 706 2318 755 20

2238 2418 2303 2467 4⁰

2238 2846 2301 2893 45

2236 3277 2297 3325 50
