2675 4409
911 226 1042 272 LIB.
1089 226 1182 272 1v.
1231 226 1429 272 CARM.
1476 227 1571 272 IX.

543 380 694 444 Post
720 384 973 442 mortem
1003 379 1276 458 ducibus,
1306 401 1425 442 non
1454 382 1681 444 celeres
1711 380 1894 463 fugae

541 467 954 550 Rejectaeque
983 472 1308 529 retrorsum
1340 465 1693 530 Hannibalis
1722 467 1941 546 minae,

537 551 602 616 N
606 574 684 614 on
711 550 990 614 incendia
1003 547 1401 632 Karthaginis
1430 551 1669 634 impiae,

545 637 697 721 Ejus
750 637 855 720 qui
884 635 1107 700 domita
1135 657 1350 698 nomen
1378 637 1453 700 ab
1482 637 1697 700 Africa

541 723 841 786 Lucratus
869 721 1049 784 rediit
1101 722 1316 784 clarius
1345 721 1615 785 indicant

540 808 804 884 Laudes,
830 828 1009 888 quam
1041 804 1333 870 Calabrae
1366 806 1639 870 Pierides
1666 830 1681 870 t
1729 827 1929 892 neque

551 892 618 956 Si
647 894 890 956 chartac
919 893 1136 956 sileant
1187 891 1350 976 quod
1377 893 1531 956 bene
1561 894 1779 956 feceris

542 978 894 1042 Mercedem
925 977 1152 1040 tuleris,
1243 975 1403 1050 Quid
1432 979 1592 1040 foret
1622 979 1770 1042 Iliae

543 1063 958 1146 Mavortisque
991 1084 1141 1146 puer
1193 1063 1244 1124 si
1274 1063 1651 1126 taciturnitas

547 1148 834 1212 Obstaret
861 1149 1088 1211 meritis
1117 1147 1318 1210 invida
1349 1148 1629 1210 Romuli?

544 1233 838 1318 Ereptum
871 1233 1100 1318 Stygiis
1125 1234 1406 1296 fiuctibus
1438 1233 1711 1297 Aeacum

543 1319 759 1383 Virtus
789 1326 852 1382 et
878 1320 1049 1383 favor
1079 1325 1142 1382 et
1167 1319 1375 1400 lingua
1402 1318 1733 1402 potentium

544 1404 776 1468 Vatum
805 1405 1087 1468 divitibus
1117 1410 1433 1467 consecrat
1460 1404 1686 1467 insulis.

541 1490 812 1574 Dignum
840 1489 1020 1554 laude
1049 1491 1246 1553 virum
1269 1489 1453 1552 Musa
1482 1497 1653 1553 vetat
1678 1489 1864 1556 mori:

547 1575 731 1640 Caelo
761 1577 942 1639 Musa
969 1577 1131 1638 beat.
1225 1573 1328 1638 Sic
1357 1575 1401 1639 J
1404 1575 1529 1638 ovis
1558 1575 1813 1641 interest

543 1659 785 1745 Optatis
812 1661 1004 1746 epulis
1032 1661 1286 1744 impiger
1317 1660 1642 1741 Hercules,

545 1746 790 1810 Clarum
817 1747 1202 1831 Tyndaridae
1231 1745 1399 1809 sidus
1428 1747 1503 1809 ab
1530 1746 1749 1812 infimis

541 1831 804 1906 Quassas
823 1833 1095 1916 eripiunt
1122 1833 1483 1917 aequoribus
1510 1841 1697 1918 rates,

544 1917 811 1982 Ornatus
839 1918 1016 1982 viridi
1043 1925 1314 2000 tempora
1345 1917 1621 2001 pampino

539 2001 724 2068 Liber
751 2010 892 2069 vota
917 2004 1102 2068 bonos
1130 2003 1298 2067 ducit
1319 2003 1399 2068 ad
1428 2004 1645 2068 exitus.

723 2430 760 2452 ‘⁸
899 2377 1358 2498 CARMEN
1415 2433 1578 2500 IX.

538 2771 606 2836 N
607 2790 646 2834 Β.
680 2772 835 2836 forte
867 2775 1080 2840 credas
1108 2775 1427 2839 interitura
1478 2795 1633 2859 quae

538 2857 747 2940 Longe
779 2868 1088 2925 sonantem
1117 2869 1296 2924 natus
1325 2861 1405 2925 ad
1432 2861 1725 2925 Aufidum

626 2943 770 3007 Non
801 2954 942 3008 ante
973 2948 1251 3030 vulgatas
1281 2969 1391 3030 per
1420 2955 1583 3010 artes

709 3029 922 3093 Verba
949 3032 1160 3115 loquor
1187 3033 1471 3096 socianda
1502 3031 1775 3097 chordis:

539 3111 683 3176 Non
735 3115 785 3177 si
815 3116 1041 3198 priores
1071 3117 1388 3181 Maeonius
1418 3124 1585 3181 tenet

540 3197 734 3263 Sedes
764 3201 1068 3266 Homerus
1120 3203 1478 3266 Pindaricae
1508 3205 1701 3267 latent

629 3283 910 3370 Ceaeque
941 3295 1004 3350 et
1031 3289 1248 3352 Alcaei
1277 3289 1539 3351 minaces

715 3369 1162 3456 Stesichorique
1195 3395 1411 3455 graves
1443 3372 1788 3452 Camenam

540 3453 608 3518 N
607 3476 676 3518 ec
731 3457 782 3518 si
811 3459 958 3541 quid
987 3461 1124 3522 olim
1153 3460 1299 3521 lusit
1327 3458 1653 3522 Anacreon

540 3540 786 3606 Delevit
814 3551 1022 3620 aetas3
1068 3544 1258 3628 spirat
1285 3545 1481 3607 adhuc
1514 3565 1679 3610 amor

627 3626 986 3712 Vivuntque
1013 3630 1312 3692 ‘commissi
1343 3631 1569 3693 calores

711 3711 966 3778 Aeoliae
993 3716 1210 3778 fidibus
1239 3716 1498 3800 puellae.
1580 3759 1583 3762 -

2208 219 2291 284 93

2222 399 2283 449 15
