2675 4409
1239 285 1589 332 CARMINUM

797 435 1000 501 Matre
1039 437 1148 521 qui
1187 437 1373 521 largis
1393 440 1736 523 juvenescit
1760 441 1963 508 herbis

1139 525 1216 586 Ir.
1240 545 1375 587 mea
1406 533 1563 606 vota,

793 608 1020 672 Fronte
1051 617 1328 674 curvatos
1356 611 1623 675 imitatus
1651 612 1825 695 ignes

795 693 1068 757 Tertium
1124 695 1304 759 lunae
1335 698 1651 761 referentis
1680 706 1903 780 ortum,

798 777 936 854 Qua
962 787 1165 844 notam
1194 779 1367 844 duxit
1394 783 1607 846 niveus
1632 783 1828 848 videri

1138 865 1362 931 Cetera
1392 869 1614 933 fulvus.

1032 1293 1510 1362 GARMEN
1568 1296 1763 1364 ΙΙΙ.

792 1635 986 1711 Qmm
1015 1649 1102 1718 tu,
1131 1636 1535 1720 Melpomene,
1564 1641 1750 1704 semel

703 1721 1077 1786 Nascentem
1105 1723 1338 1807 placido
1366 1724 1591 1788 lumine
1618 1727 1863 1808 videris,

790 1807 972 1871 Illum
999 1830 1119 1872 non
1145 1810 1313 1873 labor
1342 1810 1629 1875 Isthmius

576 1963 580 1966 ,
704 1891 974 1958 Clarabit
1002 1895 1288 1979 pugilem,
1317 1917 1439 1959 non
1468 1917 1658 1980 equus
1686 1896 1943 1984 impiger
2004 1896 2012 1904 ’

789 1979 989 2043 Curru
1018 1981 1202 2045 ducet
1228 1981 1501 2045 Achaico

699 2062 1034 2145 Victorem,
1064 2089 1261 2150 neque
1291 2089 1390 2131 res
1419 2067 1634 2132 bellica
1660 2067 1853 2133 Deliis

773 2150 1084 2215 -Ornatum
1108 2153 1260 2216 foliis
1293 2153 1531 2230 ducem,

701 2234 878 2311 Quod
907 2259 1118 2320 regum
1147 2239 1406 2301 tumidas
1436 2235 1777 2302 contuderit
1801 2237 2017 2321 minaS‚

790 2320 1088 2386 Ostendet
1117 2323 1450 2408 Capitolio:

701 2404 826 2470 Sed
857 2429 1011 2490 quae
1042 2409 1227 2472 Tibur
1257 2429 1449 2491 aquae
1478 2407 1677 2471 fertile
1704 2409 2045 2494 praefluunt

783 2491 868 2555 Et
895 2493 1121 2575 spissae
1145 2499 1453 2556 nemorum
1484 2513 1687 2556 comae

695 2575 962 2659 Fingent
988 2577 1201 2641 Aeolio
1229 2579 1493 2642 carmine
1520 2579 1799 2644 nobilem.

643 2731 648 2736 ,
780 2661 1009 2727 Romae
1037 2664 1321 2749 principis
1352 2663 1591 2727 urbium

697 2747 1004 2832 Dignatur
1029 2750 1259 2816 suboles
1287 2751 1448 2815 inter
1476 2749 1760 2816 amabiles

779 2835 1010 2900 Vatum
1037 2858 1258 2921 ponere
1288 2859 1385 2900 me
1422 2838 1653 2915 choros,

696 2918 783 2983 Et
813 2920 930 2983 'am
958 2922 1140 2984 dente
1168 2924 1363 2985 minus
1391 2923 1667 2987 mordeor
1694 2921 1917 2987 invido·

680 3007 1505 3174 *Dulc’ediesdldgemsstraelpissuagn
1536 3091 1724 3174 Pieri,
1752 3097 2078 3178 temperas,

783 3173 837 3236 O
890 3176 1069 3237 mutis
1097 3195 1332 3259 quoque
1364 3177 1625 3257 piscibus

696 3255 1010 3322 Donatura
1039 3261 1237 3343 cycni,
1267 3261 1318 3323 si
1346 3262 1551 3340 libeat,
1582 3283 1815 3344 sonum,

782 3341 999 3407 Totum
1028 3345 1290 3408 muneris
1318 3347 1431 3409 hoc
1461 3348 1551 3410 tui
1581 3357 1717 3413 est:

693 3425 869 3502 Quod
898 3438 1191 3494 monstror
1219 3431 1405 3514 digito
1434 3432 1947 3516 praetereuntium

779 3515 1084 3579 Romanae
1114 3517 1333 3580 fidicen
1362 3519 1553 3602 lyrae,

693 3597 869 3674 Quod
897 3602 1056 3687 spiro
1086 3610 1150 3666 et
1176 3605 1407 3688 placeo,
1434 3603 1487 3668 si
1513 3605 1749 3690 placeo,
1764 3611 1937 3670 tuum
1968 3614 2077 3682 est,

2392 467 2464 517 55

2372 2430 2435 2480 10

2369 2854 2432 2904 15

2364 3285 2429 3335 20
