2675 4409
849 320 982 370 ΗΒ.
1026 321 1132 370 ΠΙ.
1181 321 1378 370 GARM.
1425 322 1587 371 XXX.

607 471 761 539 Cum
790 495 942 560 pace
975 476 1306 541 delabentis
1337 477 1663 542 Etruscum

689 562 767 625 In
795 583 984 642 mare,
1013 585 1174 627 nunc
1203 563 1436 648 lapides
1466 564 1677 627 adesos

524 645 878 731 Stin-pesque
909 656 1114 733 raptas
1165 656 1230 712 et
1257 669 1443 733 pecus
1474 657 1536 712 et
1564 650 1777 714 domus

521 731 842 798 Volventis
870 753 995 798 una
1043 756 1164 798 non
1185 733 1318 818 sine
1344 735 1635 799 montium

607 818 884 883 Clamore
913 819 1266 904 vicinaeque
1295 821 1507 900 silvae,

689 901 846 966 Cum
875 903 1010 968 fera
1039 905 1295 968 diluvies
1325 905 1563 988 quietos

519 986 732 1052 Irritat
760 1009 987 1052 amnes.
1076 989 1192 1053 Ille
1220 997 1433 1074 potens
1462 991 1555 1054 sui

520 1073 866 1158 Laetusque
897 1073 1104 1157 deget,
1135 1075 1232 1138 cui
1261 1076 1407 1139 licet
1434 1075 1495 1139 in
1525 1074 1686 1138 diem

601 1159 842 1224 Dixisse
895 1159 1078 1224 Vixi:
1127 1181 1262 1224 cras
1291 1162 1389 1224 vel
1419 1170 1553 1226 atra

685 1244 869 1309 Nube
897 1246 1100 1329 polum
1132 1247 1320 1310 Pater
1350 1253 1641 1331 occupato

514 1327 638 1394 Vel
666 1331 792 1394 sole
824 1351 1014 1414 pur03
1059 1353 1180 1395 non
1208 1338 1413 1394 tamen
1440 1331 1676 1395 irritum

521 1413 938 1500 Quodcunque
966 1424 1130 1480 retro
1159 1423 1254 1480 est
1305 1417 1544 1496 efficiet,
1573 1433 1773 1502 neque

607 1501 899 1585 Diffinget
923 1501 1330 1586 infectumque
1362 1502 1579 1566 reddet

684 1585 859 1660 Quod
886 1586 1129 1672 fugiens
1158 1589 1345 1652 semel
1372 1588 1522 1652 hora
1551 1586 1737 1652 vexit.

515 1668 788 1736 Fortuna
815 1694 994 1738 saevo
1022 1675 1185 1737 laeta
1212 1674 1454 1757 negotio
1507 1681 1571 1738 et

515 1755 761 1822 Ludum
787 1759 1145 1823 insolentem
1172 1759 1383 1823 ludere
1412 1759 1691 1844 pertinax

604 1843 991 1908 Transmutat
1016 1845 1277 1909 incertos
1309 1845 1586 1925 honores,

683 1929 868 1993 Nunc
897 1931 1065 2010 mihi,
1095 1951 1254 1994 nunc
1286 1931 1387 1994 alii
1415 1931 1699 2014 benigna.

517 2011 732 2078 Laudo
759 2023 1141 2094 manentem3
1185 2016 1237 2079 si
1259 2017 1491 2081 celeres
1520 2015 1717 2101 quatit

515 2099 760 2165 Pennas
811 2101 1052 2185 resigno
1082 2123 1238 2186 quae
1270 2101 1461 2182 dedit,
1493 2109 1555 2166 et
1581 2122 1719 2165 mea

602 2185 853 2252 Virtute
883 2209 980 2252 me
1009 2188 1245 2251 involvo
1295 2187 1662 2271 probamque

686 2273 1050 2358 Pauperiem
1077 2272 1204 2336 sine
1235 2272 1375 2337 dote
1406 2294 1654 2358 quaero.

513 2355 658 2421 Non
687 2364 783 2422 est
807 2380 1008 2422 meum
1061 2358 1112 2422 si
1139 2359 1368 2442 mugiat
1394 2357 1626 2422 Africis

515 2442 722 2508 Malus
751 2445 1032 2529 procellis
1088 2443 1165 2507 ad
1192 2445 1443 2508 miseras
1470 2463 1683 2529 preces

601 2529 974 2611 Decurrere,
1004 2536 1068 2592 et
1096 2531 1250 2593 votis
1277 2530 1501 2614 pacisci

686 2615 789 2678 Ne
821 2614 1082 2700 Cypriae
1111 2615 1456 2716 Tyriaeque
1487 2631 1724 2679 merces

514 2697 774 2765 Addant
800 2722 986 2764 avaro
1016 2700 1251 2765 divitias
1279 2701 1465 2765 mari:

515 2785 686 2852 Tunc
715 2807 814 2850 me
865 2785 1106 2850 biremis
1135 2786 1432 2870 praesidio
1460 2781 1721 2868 scaphae

599 2871 825 2938 Tutum
876 2894 988 2956 per
1014 2872 1304 2956 Aegaeos
1334 2871 1627 2935 tumultus

684 2957 864 3023 Aura
892 2959 1053 3023 feret
1080 2958 1477 3043 geminusque
1506 2955 1743 3020 Pollux,

803 3382 1278 3449 CARMEN
1342 3378 1622 3446 XXX.

511 3554 728 3620 EXEGI
753 3560 1201 3620 monumentum
1223 3575 1365 3618 aere
1383 3550 1706 3636 perennius

511 3641 849 3726 Regalique
879 3642 999 3705 situ
1026 3639 1407 3724 pyramidum
1437 3637 1634 3718 altius,

515 3726 692 3800 Quod
720 3750 841 3791 non
868 3727 1058 3790 imber
1088 3724 1266 3804 edax,
1290 3745 1410 3786 non
1438 3721 1665 3803 Aquilo
1684 3719 1980 3804 impotens

516 3811 717 3877 Possit
745 3812 987 3877 diruere
1041 3817 1148 3876 aut
1175 3807 1625 3874 innumerabilis

2176 309 2257 374 81

2193 927 2258 976 ⁴⁰

2194 2196 2263 2245 5⁵

2191 2625 2261 2676 60
