2675 4409
1239 238 1314 281 CA
1322 236 1588 282 RMINUM

717 390 842 455 Sed
872 412 968 453 me
998 411 1108 473 per
1135 390 1337 453 hostes
1367 388 1711 451 Mercurius
1742 389 1905 453 celer
2119 445 2132 456 ,

709 476 916 541 Denso
939 482 1256 559 paventem
1280 476 1521 537 sustulit
1552 476 1691 537 aere
1715 495 1732 551 ;
1988 491 1997 503 ⁸
2032 538 2043 565 ἶ
2068 471 2122 513 w*

801 562 888 625 Te
920 582 1126 623 rursus
1157 561 1217 622 in
1245 562 1466 623 bellum
1498 561 1813 625 resorbens

880 646 1066 711 Unda
1090 646 1258 709 fretis
1288 648 1427 709 tulit
1456 646 1765 710 aestuosis.
1864 684 1875 697 κ
1957 688 1967 704 1
2007 670 2015 677 ’

709 731 878 815 Erga
905 724 1227 814 obligatam
1255 732 1444 794 redde
1476 731 1521 794 J
1524 732 1618 794 ovi
1648 727 1882 817 dapem⁴
1959 720 1981 734 χ

711 816 1042 901 Longaque
1073 818 1294 880 fessum
1321 817 1533 901 militia
1560 818 1719 881 latus
1783 820 1871 883 Q>

798 904 1054 985 Depone
1079 904 1190 965 sub
1219 904 1395 965 lauru
1424 922 1559 965 mea
1609 924 1723 965 nec

881 988 1077 1051 Parce
1108 988 1272 1050 cadis
1302 987 1409 1049 tibi
1439 987 1773 1052 destinatis·

707 1072 1009 1137 Oblivioso
1037 1074 1195 1136 levia
1223 1074 1485 1152 Massico

707 1152 946 1247 Ciborlb
976 1159 1148 1241 exple
1164 1178 1180 1233 ;
1199 1158 1389 1221 funde
1420 1158 1739 1242 capacibus

795 1244 1126 1327 Unguenta
1145 1244 1230 1308 ¹de
1263 1244 1522 1309 conchis·
1613 1243 1762 1319 Quis
1792 1244 1913 1309 udo

877 1326 1297 1420 Deproperare
1329 1330 1463 1414 apio
1493 1351 1740 1394 coronas

705 1414 973 1479 Guratve
999 1415 1244 1500 myrto?
1289 1437 1473 1499 quem
1500 1416 1715 1482 Venus
1744 1416 2035 1481 arbitrum

704 1499 888 1563 Dicet
915 1500 1204 1563 bibendi?
1292 1500 1436 1563 Non
1466 1522 1580 1583 ego
1608 1502 1809 1571 sanius
1870 1552 1897 1567 „⁸
1928 1538 1965 1581 ,-

792 1584 1150 1649 Bacchabor
1179 1585 1443 1648 Edonis:
1490 1594 1736 1669 recepto
1892 1590 1917 1624 ’·
1971 1595 1979 1603 ’

878 1669 1076 1734 Dulce
1105 1670 1248 1735 mihi
1277 1658 1479 1735 furere
1511 1676 1605 1734 est
1633 1671 1843 1735 amico·

1005 2095 1466 2162 CARMEN
1526 2094 1783 2162 VIII.

770 2314 822 2353 >r
1350 2336 1355 2339 -
1640 2344 1649 2353 .
1729 2322 1789 2371 7,-
1888 2334 1903 2350 ,·
1970 2336 2040 2352 ..Ἢ

1340 2356 1351 2367 ⁴
1779 2354 1787 2361 ⁸
1962 2359 1968 2368 ι

787 2436 979 2502 ULLA
1009 2436 1059 2501 si
1077 2436 1232 2519 juris
1264 2436 1371 2500 tibi
1399 2438 1654 2523 pejerati

789 2523 1019 2603 Poena,
1048 2523 1296 2603 Bai-ine,
1325 2524 1627 2587 nocuisset
1654 2540 1944 2607 unquam,

787 2608 990 2673 Dente
1022 2609 1073 2672 si
1099 2608 1273 2691 nigro
1301 2610 1480 2672 fieres
1509 2610 1607 2673 vel
1634 2630 1754 2673 uno

1126 2694 1385 2777 Turpior
1410 2695 1622 2778 ungui,

789 2778 1138 2844 Crederem.
1232 2778 1357 2843 Sed
1385 2787 1477 2861 tu,
1506 2780 1681 2844 simul
1710 2778 1987 2864 obligasti

787 2865 1098 2929 Perfidum
1131 2865 1282 2929 votis
1312 2874 1495 2949 caput
1547 2866 1824 2929 enitescis

786 2948 1107 3013 Pulchrior
1133 2951 1345 3027 multo,
1366 2952 1778 3034 juvenumque
1808 2948 2012 3034 prodis

1135 3032 1388 3094 Publica
1417 3054 1583 3096 cura.

784 3112 1051 3196 Expedit
1077 3119 1284 3177 matris
1315 3118 1552 3181 cineres
1582 3119 1818 3199 opertos

791 3199 1036 3262 Fallere
1091 3205 1154 3258 et
1184 3205 1306 3259 toto
1337 3200 1638 3261 taciturna
1664 3206 1857 3262 noctis

784 3281 974 3365 Signa
1003 3303 1137 3344 cum
1170 3282 1360 3360 cae10,
1392 3282 1707 3365 gelidaque
1738 3282 1905 3346 divos

1123 3367 1322 3429 Morte
1356 3375 1649 3429 carentes.

783 3453 971 3517 Ridet
997 3452 1110 3515 hoc
1163 3452 1409 3534 inquam
1460 3452 1674 3517 Venus
1704 3452 1854 3537 ipsa,
1884 3454 2086 3519 rident

788 3537 1101 3621 Simplices
1131 3537 1453 3622 Nymphae
1507 3540 1673 3601 ferus
1704 3547 1768 3601 et
1800 3540 2032 3624 Cupido

790 3621 1044 3708 Semper
1073 3624 1355 3687 ardentes
1386 3646 1607 3688 acuens
1636 3626 1889 3709 sagittas

1134 3708 1281 3775 Cote
1307 3718 1578 3773 cruenta.

2392 580 2450 629 15

2382 3224 2445 3273 10

2378 3650 2443 3700 lt»
