2675 4409
944 290 1076 336 ΠΒ.
1122 289 1228 337 111.
1277 292 1475 337 GARM.
1520 292 1625 339 111.

662 443 858 508 [Pactu
883 444 1139 523 leonem,
1169 466 1351 528 quem
1379 452 1630 511 cruenta

746 530 871 592 Per
897 529 1126 593 medias
1155 532 1312 614 rapit
1340 531 1433 593 ira
1460 532 1698 595 caedes.

569 613 766 679 Dulce
790 622 854 677 et
879 614 1162 678 decorum
1191 623 1284 679 est
1313 638 1421 699 pro
1450 618 1647 699 patria
1674 616 1860 681 mori:

573 699 744 765 Mors
775 706 839 762 et
865 700 1144 782 fugacem
1175 702 1557 785 persequitur
1585 703 1801 783 virum,

661 783 728 850 N
729 806 798 847 ec
830 786 1025 868 parcit
1053 786 1304 849 imbellis
1324 787 1616 870 juventae

745 870 1080 953 Poplitibus
1111 872 1435 954 timidoque
1464 879 1693 971 ιπερὶ]

573 953 788 1019 Virtus
838 956 1114 1039 repulsae
1141 957 1349 1023 nescia
1375 957 1652 1021 sordidae

576 1039 954 1105 Intaminatis
982 1042 1176 1124 fulget
1203 1042 1547 1121 honoribus,

661 1125 798 1189 Nec
827 1126 1009 1189 sumit
1037 1134 1144 1190 aut
1172 1126 1341 1209 ponit
1366 1146 1609 1191 secures

744 1210 1018 1274 Arbitrio
1047 1209 1349 1295 popularis
1378 1232 1581 1275 aurae.

571 1294 787 1360 Virtus
838 1297 1158 1361 recludens
1185 1297 1495 1360 immeritis
1524 1294 1675 1359 mori

578 1380 724 1445 Cael
875 1390 1100 1464 negata
1129 1389 1326 1445 tentat
1354 1382 1471 1445 iter
1499 1382 1621 1460 via,

648 1403 1006 1551 &usque
1034 1468 1320 1550 volgares
1348 1474 1415 1529 et
1436 1436 1627 1530 fflam

747 1550 994 1635 Spernit
1019 1552 1266 1615 humum
1293 1552 1569 1635 fugiente
1596 1570 1815 1638 penna.

577 1634 692 1699 Est
722 1642 785 1699 et
810 1637 975 1700 fideli
1004 1644 1140 1701 tuta
1165 1638 1401 1701 silentio

573 1720 852 1785 Merces:
900 1723 1116 1786 vetabo
1161 1723 1264 1805 qui
1294 1722 1531 1801 Cereris
1560 1742 1799 1787 sacrum

661 1805 950 1888 Vulgarit
977 1828 1232 1871 arcanae
1285 1809 1396 1871 sub
1424 1808 1617 1871 isdem

751 1891 847 1955 Sit
873 1893 1140 1957 trabibus
1192 1894 1542 1975 fragilemve
1571 1912 1811 1957 mecum

577 1972 788 2041 Solvat
815 1977 1099 2060 phaselon
1133 1999 1150 2055 ;
1227 1999 1408 2061 saepe
1438 1978 1745 2063 Diespiter

573 2060 910 2144 Neglectae
939 2062 1168 2127 incesto
1195 2063 1430 2127 addidit
1456 2064 1798 2145 integrum:

659 2146 824 2211 Raro
854 2147 1310 2212 antecedentem
1333 2149 1651 2212 scelestum

744 2231 1033 2296 Deseruit
1059 2233 1214 2317 pede
1243 2234 1451 2298 Poena
1480 2233 1715 2297 claudo.

877 2659 1345 2727 CARMEN
1397 2660 1583 2726 111.

572 2832 620 2896 J
620 2814 831 2896 Ukss'nm
859 2823 925 2895 Et
951 2814 1228 2895 tEnacein
1255 2830 1557 2915 prbp‘ositi‘
1570 2826 1767 2893 virum

576 2916 643 2983 N
643 2939 718 2980 on
747 2917 966 2983 civium
993 2918 1174 2980 ardor
1201 2938 1391 3001 prava
1407 2914 1771 3000 jubentium,

659 3002 725 3065 N
726 3023 802 3064 on
836 3003 1032 3065 voltus
1061 3002 1338 3065 instantis
1366 2999 1609 3085 tyranni
1794 3034 1837 3085 c„

746 3087 956 3150 Mente
987 3087 1184 3171 quatit
1211 3087 1421 3162 solida,
1452 3106 1649 3168 neque
1678 3082 1911 3149 Auster

573 3171 718 3234 Dux
746 3172 997 3255 inquieti
1027 3172 1302 3235 turbidus
1329 3171 1631 3250 Hadriae,

576 3256 712 3321 Nec
742 3258 1108 3321 fulminantis
1137 3278 1359 3339 magna
1378 3276 1589 3319 manus
1616 3254 1662 3319 J
1662 3254 1829 3335 ovis3

668 3341 736 3407 Si
764 3343 994 3406 fractus
1022 3343 1302 3405 illabatur
1330 3341 1489 3403 orbis

751 3427 1130 3512 Impavidum
1151 3427 1371 3490 ferient
1398 3426 1628 3489 ruinae.

579 3513 720 3579 Hac
751 3520 882 3577 arte
916 3511 1130 3576 Pollux
1163 3519 1228 3575 et
1256 3532 1445 3593 vagus
1474 3508 1775 3573 Hercules

584 3599 808 3665 Enisus
841 3618 1012 3661 arces
1041 3597 1243 3679 attigit
1267 3597 1500 3679 igneas,

669 3683 835 3759 Quos
855 3683 1014 3745 inter
1040 3683 1359 3764 Augustus
1389 3679 1745 3744 recumbens

756 3768 1248 3882 Purpureoyibit
1276 3788 1380 3831 ore
1408 3773 1639 3831 nectar.

1014 3851 1056 3921 5

2226 274 2311 339 53

2246 805 2310 855 15

2256 3608 2313 3661 10
