2675 4409
1010 264 1140 310 ms.
1187 264 1236 310 1.
1285 262 1421 310 SAr.
1472 263 1567 310 v1.
2204 249 2328 312 143

253 413 385 496 (Ut
413 437 515 480 me
547 415 926 498 collaudem)
955 418 1005 482 si
1035 423 1100 481 ct
1126 418 1260 482 vivo
1291 439 1467 482 carus
1498 417 1743 495 amicis;
2266 439 2331 490 ⁷0

250 501 451 567 Causa
481 505 598 567 fuit
625 512 802 587 pater
828 504 942 583 his,
973 505 1076 587 qui
1103 525 1304 568 macro
1332 525 1563 588 pauper
1591 506 1785 587 agello

246 587 464 653 Noluit
491 591 555 652 in
584 589 756 653 Flavi
782 590 992 652 ludum
1023 611 1118 652 me
1149 591 1411 668 mittere,
1442 591 1644 673 magni

248 674 379 748 Quo
411 676 586 759 pueri
613 675 846 758 magnis
877 696 910 737 e
942 676 1385 738 centurionibus
1414 675 1550 754 orti,

245 759 452 824 Laevo
481 763 755 844 suspensi
784 761 1006 823 loculos
1035 762 1419 843 tabulamque
1448 761 1697 840 lacertO,

243 845 428 910 Ibant
461 847 687 909 octonis
718 847 1050 908 referentes
1081 845 1294 908 Idibus
1325 863 1509 920 aera3
2260 867 2329 918 75

246 927 372 994 Sed
403 954 660 1015 puerum
692 938 785 994 est
814 953 995 994 ausus
1024 931 1276 994 Romam
1305 936 1545 1013 portare
1577 929 1912 995 docendum

239 1017 436 1078 Artes
491 1037 639 1099 quas
673 1017 886 1079 doceat
915 1017 1106 1098 quivis
1140 1037 1324 1099 eques
1352 1022 1532 1098 atque
1574 1022 1816 1078 senator

243 1101 461 1164 Semet
489 1109 831 1185 prognatos.
922 1102 1176 1164 Vestem
1205 1121 1527 1183 servosque
1557 1108 1901 1184 sequentem,

238 1186 316 1249 In
347 1208 572 1270 magno
601 1193 670 1248 ut
698 1187 936 1270 popu10,
968 1187 1018 1249 si
1049 1187 1179 1270 quis
1209 1187 1477 1264 vidisset,
1508 1187 1671 1250 avita

238 1272 341 1334 Ex
371 1294 444 1335 re
476 1273 752 1355 praeberi
781 1280 1053 1355 sumptus
1080 1272 1222 1334 mihi
1253 1272 1533 1334 crederet
1558 1272 1711 1335 illos.
2262 1293 2325 1341 80

236 1357 385 1440 Ipse
417 1359 564 1421 mihi
593 1363 793 1420 custos
821 1357 1364 1440 incorruptissimus
1393 1378 1596 1438 omnes

239 1442 494 1506 Circum
525 1442 799 1506 doctores
829 1443 1060 1506 aderat.
1123 1441 1283 1516 Quid
1311 1441 1548 1505 multa?
1637 1442 1956 1523 Pudicum,

237 1527 362 1602 Qui
392 1529 623 1612 primus
652 1529 891 1592 virtutis
920 1529 1126 1608 honoe,
1157 1529 1425 1591 servavit
1454 1528 1529 1592 ab
1560 1529 1722 1592 omni

235 1614 386 1678 Non
417 1615 609 1677 solum
636 1615 799 1677 facto
822 1636 1030 1677 verum
1061 1614 1374 1697 opprobrio
1403 1635 1639 1696 quoque
1670 1614 1870 1700 turpi3

234 1699 380 1786 Nec
411 1700 615 1762 timuit
665 1700 778 1763 sibi
807 1722 884 1763 ne
913 1700 1058 1763 vitio
1087 1699 1220 1782 quis
1250 1705 1517 1762 verteret
1568 1700 1706 1763 olim
2258 1721 2322 1770 85

239 1783 309 1849 Si
339 1807 567 1869 praeco
595 1807 812 1869 parvas
841 1792 968 1865 aut,
997 1792 1069 1848 ut
1095 1785 1212 1848 fuit
1241 1785 1393 1868 ipse,
1424 1791 1663 1848 coactor

233 1871 569 1955 Mercedes
593 1892 924 1954 sequerer3
968 1892 1164 1955 neque
1199 1891 1312 1952 ego
1343 1891 1535 1934 essem
1570 1876 1853 1954 questus:
1899 1875 1965 1936 at
2002 1869 2117 1934 hoc
2156 1891 2317 1934 nunc

234 1957 404 2020 Laus
436 1957 524 2018 illi
554 1956 808 2031 debetur
840 1964 903 2020 et
932 1978 970 2019 a
997 1979 1092 2018 me
1123 1957 1319 2039 gratia
1348 1957 1553 2040 major.

235 2042 348 2105 Nil
379 2064 479 2105 me
509 2043 815 2125 poeniteat
843 2063 1052 2105 sanum
1081 2042 1268 2125 patris
1296 2043 1495 2126 hujus,
1554 2061 1746 2125 eoque

233 2127 304 2190 N
305 2151 408 2206 on,
439 2135 511 2190 ut
539 2148 762 2210 magna
790 2128 923 2190 dolo
951 2129 1177 2190 factum
1203 2135 1389 2210 negat
1418 2147 1549 2190 esse
1580 2147 1687 2190 suo
1722 2146 1863 2210 pars
2256 2145 2319 2198 9ο

237 2212 425 2286 Quod
452 2235 570 2275 non
599 2213 1139 2295 ingenuos—habeat
1169 2214 1477 2296 clarosque
1508 2219 1811 2296 parentes,

238 2298 348 2362 Sic
384 2320 479 2360 me
510 2299 850 2361 defendam.
942 2297 1147 2381 Longe
1179 2320 1314 2362 mea
1343 2298 1644 2382 discrepat
1677 2298 1806 2362 istis

235 2384 326 2448 Et
361 2405 476 2447 vox
506 2391 569 2447 et
597 2385 784 2448 ratio:
831 2405 970 2448 nam
992 2385 1042 2447 si
1072 2393 1289 2447 natura
1307 2384 1553 2467 juberet

234 2470 304 2533 A
336 2470 522 2533 certis
553 2470 722 2533 annis
753 2491 967 2533 aevum
997 2491 1265 2534 remeare
1295 2475 1609 2553 peractum

236 2555 455 2638 Atque
487 2555 632 2618 alios
659 2557 866 2638 legere
897 2556 975 2619 ad
1003 2557 1225 2619 fastum
1253 2575 1642 2639 quoscunque
1687 2558 1969 2637 parentes
2255 2573 2321 2621 95

242 2639 508 2724 Optaret
535 2641 648 2704 sibi
677 2642 951 2724 quisque,
979 2642 1128 2706 meis
1157 2649 1473 2705 contentus
1501 2641 1778 2703 honestos

239 2725 537 2790 Fascibus
567 2734 630 2789 et
657 2727 817 2790 sellis
845 2729 1062 2790 nollem
1091 2727 1234 2790 mihi
1263 2747 1524 2804 sumere,
1556 2725 1802 2788 demens

243 2811 290 2873 J
293 2812 490 2874 udicio
519 2812 706 2894 volgi,
737 2833 916 2876 sanus
949 2814 1200 2876 fortasse
1230 2820 1358 2891 tu0,
1388 2811 1549 2895 quod

249 2895 489 2959 Nollem
517 2918 668 2960 onus
694 2898 858 2961 haud
885 2901 1152 2981 unquam
1180 2898 1387 2962 solitus
1414 2903 1657 2980 portare
1685 2895 2021 2960 molestum.

253 2980 409 3044 Nam
439 2981 583 3044 mihi
614 2983 891 3046 continuo
919 2984 1108 3068 major
1137 2984 1484 3066 quaerenda
1521 2982 1679 3045 foret
1707 3002 1804 3045 res
2227 2997 2319 3050 1oe

256 3066 457 3149 Atque
488 3068 787 3131 salutandi
814 3069 1039 3151 plureS,
1071 3069 1381 3132 ducendus
1412 3076 1475 3130 et
1502 3089 1657 3130 unus

255 3151 337 3212 Et
365 3173 560 3215 comes
590 3155 768 3216 alter
794 3155 885 3216 uti
913 3176 991 3216 ne
1021 3155 1178 3217 solus
1208 3175 1385 3216 rusve
1417 3174 1745 3238 peregreve

253 3236 524 3319 Exirem3
549 3239 748 3321 plures
779 3240 1018 3302 calones
1047 3247 1228 3322 atque
1261 3239 1475 3302 caballi

250 3321 568 3402 Pascendi,
600 3323 877 3387 ducenda
905 3325 1213 3409 petorrita.
1303 3323 1487 3386 Nunc
1515 3324 1660 3387 mihi
1700 3330 1872 3387 curto

248 3407 350 3470 Ire
382 3408 525 3470 licet
553 3410 711 3472 mulo
740 3410 837 3472 vel
889 3411 940 3473 si
968 3411 1113 3473 libet
1163 3431 1355 3492 usque
1386 3411 1738 3488 Tarentum,
2229 3429 2323 3477 105

246 3493 522 3556 Mantica
551 3495 648 3557 cui
676 3495 906 3559 lumbos
935 3516 1116 3559 onere
1145 3497 1379 3559 ulceret
1412 3502 1593 3578 atque
1633 3513 1818 3577 eques
1848 3511 2084 3556 armos:

248 3579 514 3663 Objiciet
541 3601 714 3643 nemo
743 3581 949 3644 sordes
978 3581 1122 3644 mihi
1174 3601 1324 3664 quas
1356 3581 1485 3659 tibi,
1516 3579 1675 3658 Tilli,

245 3664 404 3728 Cum
435 3665 680 3728 Tiburte
711 3666 810 3728 via
881 3673 1174 3748 raetorem
1205 3667 1469 3750 quinque
1500 3669 1837 3748 sequuntur

243 3751 332 3814 Te
364 3750 541 3835 pueri
589 3753 860 3816 lasanum
967 3760 1196 3817 rtantes
1225 3751 1769 3836 oenophorumque.
