2675 4409
83 292 102 749 ”ruff-—

570 290 637 329 'nt'

563 360 570 369 .

926 240 1059 287 LIB.
1104 240 1182 286 11.
1227 238 1427 287 GARM.
1474 241 1570 287 IX.

537 390 552 449 ἰ
634 393 818 457 Adde
873 392 1034 477 quod
1063 393 1254 477 pubes
1283 392 1393 457 fibi
1428 395 1647 459 crescit
1676 394 1888 476 omnis,

501 492 526 512 “·
637 478 912 543 Servitus
944 480 1164 542 crescit
1204 500 1364 544 nova
1404 502 1519 545 nec
1574 480 1802 564 priores

547 642 555 648 υ
635 565 870 650 Ιωρίαθ
901 572 1128 628 tectum
1158 564 1430 628 dominae
1462 566 1811 652 relinquunt

982 649 1180 733 Saepe
1210 650 1437 713 minati.

634 736 722 799 Te
753 735 876 799 suis
906 743 1132 799 matres
1162 743 1441 798 metuunt
1458 735 1760 820 juvencis,

635 822 723 887 Te
754 842 931 884 senes
964 822 1131 904 parci
1182 822 1559 905 miseraeque
1590 836 1787 906 nuper

636 907 924 991 Virgines
953 914 1202 989 nuptae,
1231 914 1341 969 tua
1368 928 1445 970 ne
1478 910 1751 972 retardet

977 992 1156 1055 Aura
1181 992 1447 1056 maritos·

911 1418 1373 1486 OARMEN
1428 1418 1584 1482 IX.

633 1762 788 1827 NON
815 1782 1054 1846 semper
1080 1762 1300 1825 imbres
1326 1761 1583 1824 nubibus
1609 1760 1877 1845 hispidos

630 1848 888 1914 Manant
917 1850 979 1911 in
1010 1850 1186 1931 agros
1223 1855 1329 1910 aut
1358 1868 1523 1909 mare
1556 1846 1840 1933 Caspium

719 1935 969 1999 Vexant
996 1934 1344 2016 inaequales
1378 1933 1675 2016 procellae

810 2020 1047 2103 Usque,
1075 2040 1188 2083 nec
1219 2018 1525 2081 Armeniis
1554 2020 1615 2080 in
1646 2019 1787 2101 oria,

632 2103 848 2169 Amice
878 2104 1087 2188 Valgi,
1119 2112 1241 2167 stat
1271 2104 1495 2187 glacies
1525 2104 1686 2167 iners

631 2189 880 2254 Menses
910 2211 1021 2273 per
1051 2212 1256 2253 omnes
1308 2198 1415 2254 aut
1443 2189 1845 2273 Aquilonibus

717 2274 1026 2349 Querceta
1057 2274 1325 2358 Gargani
1354 2277 1628 2338 laborant

802 2361 888 2423 Et
915 2361 1071 2424 foliis
1100 2362 1426 2424 viduantur
1454 2360 1618 2423 ornit

633 2445 728 2509 Tu
755 2465 994 2529 semper
1020 2468 1202 2528 urges
1231 2447 1525 2509 flebilibus
1553 2444 1743 2510 modis

630 2529 880 2616 Mysten
909 2531 1282 2617 ademptum,
1303 2552 1416 2595 nec
1448 2532 1556 2595 tibi
1586 2531 1861 2617 Vespem

727 2616 1028 2699 Surgente
1060 2618 1366 2682 decedunt
1394 2638 1626 2681 amores

804 2702 940 2766 Nec
971 2703 1244 2786 rapidum
1274 2703 1546 2785 fugiente
1580 2701 1802 2766 Solem.

634 2786 726 2851 At
752 2809 872 2851 non
901 2795 998 2851 ter
1027 2810 1176 2851 aevo
1205 2789 1452 2851 functus
1483 2787 1797 2850 amabilem

633 2872 904 2937 Ploravit
931 2895 1134 2936 omnes
1165 2873 1557 2937 Antilochum
1589 2892 1774 2936 senex

713 2958 949 3035 AnnOS,
978 2981 1092 3023 nec
1123 2959 1424 3042 impubem
1456 2967 1737 3041 parentes

803 3044 1062 3124 Troilon,
1095 3056 1201 3107 aut
1230 3045 1536 3128 Phrygiae
1568 3064 1801 3107 sorores

631 3127 886 3193 Flevere
918 3152 1174 3213 semper.
1267 3130 1492 3193 Desine
1524 3131 1788 3193 mollium

629 3214 897 3279 Tandem
929 3217 1334 3299 querelarum,
1366 3226 1429 3278 et
1458 3217 1653 3299 potius
1684 3237 1839 3280 nova

718 3300 1046 3364 Cantemus
1078 3302 1343 3385 Augusti
1376 3312 1621 3384 tropa-ea.

807 3386 1082 3450 Caesaris
1136 3396 1198 3450 et
1227 3388 1487 3469 rigidum
1518 3386 1851 3469 Niphaten,

629 3470 1001 3555 Medumque
1030 3474 1252 3535 fiumen
1282 3473 1561 3553 gentibus
1592 3472 1864 3536 additum

628 3555 828 3621 Victis
881 3558 1136 3621 minores
1166 3560 1411 3621 volvere
1443 3557 1726 3637 verticeS,

715 3642 1008 3725 Intraque
1037 3644 1482 3727 praescriptum
1513 3642 1775 3707 Gelonos

797 3728 1051 3813 Exiguis
1080 3731 1357 3814 equitare
1390 3730 1637 3814 campis.

2179 230 2299 294 ·89

2232 2558 2291 2607 1⁰

2227 2982 2290 3033 15
