2675 4409
931 228 1064 300 1113ss
1109 254 1188 301 11.
1233 216 1437 301 EPIssr.
1481 256 1529 301 1.
2144 245 2269 311 213

163 405 414 469 Romae
447 406 623 470 dulce
654 406 760 469 diu
788 406 902 470 fuit
931 413 996 471 et
1023 408 1306 471 sollemne
1335 410 1573 473 reclusa

163 490 368 555 Mane
399 491 574 556 domo
603 492 876 575 vigilare,
907 493 1110 556 clienti
1139 515 1411 577 promere
1431 496 1597 578 jura,
2221 557 2230 565 ,

167 575 410 639 Cautus
437 578 772 641 nominibus
801 580 982 641 rectis
1013 578 1353 661 expendere
1384 602 1674 662 nummOS,
2173 606 2261 655 105

165 662 449 748 Majores
479 664 710 743 audire,
741 664 951 727 minori
980 664 1202 739 dicere,
1213 685 1323 747 per
1353 686 1507 747 quae

169 747 474 812 Crescere
503 770 602 811 res
631 756 852 833 posset,
883 749 1067 812 minui
1097 749 1383 812 damnosa
1410 750 1607 814 libido.

165 832 448 898 hlutavit
475 842 736 897 mentem
766 836 1018 919 populus
1046 835 1194 897 levis
1247 841 1314 897 et
1341 836 1500 899 calet
1527 858 1647 899 uno

167 918 501 983 Scribendi
531 920 726 984 studio
753 940 770 997 ;
815 920 1104 1004 puerique
1135 926 1459 1003 patresque
1489 922 1683 985 severi

159 1004 422 1068 Fronde
456 1026 654 1069 comas
684 1006 870 1069 vincti
905 1013 1161 1069 coenant
1189 1012 1252 1069 et
1280 1007 1547 1070 carmina
1576 1008 1830 1071 dictant.
2171 1035 2265 1083 no

159 1090 322 1173 Ipse
357 1112 468 1173 ego
521 1091 624 1173 qui
653 1092 845 1154 nullos
872 1112 970 1155 me
986 1090 1238 1155 adfirmo
1253 1092 1519 1155 scribere
1550 1114 1757 1157 versus

159 1175 467 1239 Iuvenior
493 1176 736 1239 Parthis
764 1175 1130 1255 mendacior,
1159 1184 1226 1240 et
1251 1176 1419 1259 prius
1448 1184 1579 1241 orto

165 1260 324 1325 Sole
356 1261 501 1345 vigil
528 1262 824 1325 calamum
855 1269 919 1325 et
947 1262 1188 1325 chartas
1221 1268 1284 1325 et
1312 1262 1535 1326 scrinia
1560 1284 1760 1347 posco·

161 1346 408 1410 Navim
437 1368 618 1429 agere
648 1346 895 1428 ignarus
921 1347 1092 1410 navis
1121 1347 1295 1410 timet
1318 1367 1336 1424 ;
1382 1348 1731 1412 abrotonum
1760 1369 1943 1433 aegro

163 1431 326 1495 Non
357 1432 542 1496 audet
590 1432 704 1495 nisi
727 1432 830 1515 qui
860 1432 1070 1497 didicit
1121 1432 1308 1509 dare;
1355 1433 1517 1515 quod
1547 1435 1913 1501 medicorum
1944 1441 2039 1501 est
2167 1456 2261 1507 115

164 1518 549 1581 Promittunt
575 1517 794 1587 medici
819 1538 836 1593 ;
881 1525 1147 1583 tractant
1173 1518 1411 1581 fabrilia
1440 1519 1635 1584 fabri:

171 1603 514 1666 Scribimus
541 1604 764 1667 indocti
795 1604 1074 1686 doctique
1105 1605 1383 1687 poemata
1415 1606 1652 1687 passim.

165 1689 302 1752 Ilic
337 1710 502 1752 error
529 1696 731 1752 tamen
761 1696 824 1752 et
850 1689 999 1753 levis
1027 1690 1178 1753 haec
1208 1690 1439 1753 insania
1466 1699 1722 1773 quantas

166 1773 460 1837 'Virtutes
487 1775 710 1839 habeat
757 1775 844 1839 sic
876 1775 1126 1858 collige:
1175 1775 1328 1837 vatis
1360 1796 1577 1840 avarus

162 1860 324 1924 Non
356 1868 580 1923 temere
611 1867 703 1924 est
732 1861 962 1926 animus
989 1880 1005 1935 ;
1042 1881 1257 1923 -versus
1286 1868 1471 1938 amat,
1500 1863 1611 1926 hoc
1641 1862 1847 1927 studet
1873 1883 2097 1943 unum3
2166 1883 2261 1934 120

161 1945 582 2024 Detrimenta,
611 1947 788 2029 fugas
817 1967 1146 2025 servorum,
1177 1946 1455 2011 incendia
1482 1948 1639 2011 ridet
1662 1967 1681 2026 3

159 2032 326 2096 Non
355 2030 626 2095 fraudem
657 2032 816 2095 socio
845 2053 1108 2115 puerove
1137 2032 1423 2114 incogitat
1451 2034 1637 2099 ullam

161 2116 419 2199 Pupillo
445 2137 462 2194 ;
507 2117 656 2181 vivit
681 2118 910 2201 siliquis
940 2124 1006 2181 et
1032 2138 1188 2201 pane
1219 2118 1486 2181 secundo
1508 2139 1531 2197 3

161 2201 438 2266 Militiae
460 2223 823 2287 quamquam
838 2202 1012 2287 piger
1040 2211 1104 2266 et
1131 2204 1345 2283 malus,
1373 2204 1537 2269 utilis
1564 2204 1723 2283 urbi,

167 2288 248 2353 Si
277 2288 392 2351 das
421 2289 530 2351 hoc
582 2289 782 2372 parvis
814 2310 1052 2373 quoque
1082 2290 1260 2353 rebus
1289 2310 1513 2371 magna
1530 2290 1757 2374 juvari.
2168 2308 2261 2357 125

168 2373 268 2437 Os
299 2380 575 2437 tenerum
605 2373 776 2457 pueri
804 2374 1163 2457 balbumque
1192 2376 1373 2458 poeta
1401 2376 1651 2458 figurat,

167 2460 452 2543 Torquet
480 2460 557 2522 ab
583 2460 888 2523 obscoenis
906 2460 1040 2543 jam
1067 2481 1227 2523 nunc
1257 2462 1627 2525 sermonibus
1656 2481 1890 2541 aurem,

165 2545 329 2609 Mox
359 2543 540 2607 etiam
569 2551 781 2627 pectus
807 2546 1147 2629 praeceptis
1176 2546 1395 2609 format
1423 2547 1653 2628 amicis,

165 2630 546 2715 Asperitatis
575 2637 640 2694 et
667 2629 927 2695 invidiae
957 2639 1262 2695 corrector
1289 2638 1355 2694 et
1380 2632 1508 2695 irae
1536 2636 1565 2708 ;’

168 2717 376 2779 Recte
405 2716 570 2780 facta
595 2716 806 2795 refert,
836 2714 1092 2778 orientia
1133 2721 1411 2801 tempora
1443 2717 1600 2781 notis
2169 2732 2263 2781 130

171 2800 439 2865 Instruit
466 2802 776 2885 exempIiS,
803 2802 1046 2887 inopem
1087 2803 1317 2867 solatur
1358 2809 1421 2866 et
1449 2822 1698 2886 aegrum
1782 2840 1791 2847 -

176 2887 380 2949 Castis
410 2906 544 2949 cum
615 2886 778 2951 ueris
803 2886 1016 2969 ignara
1044 2889 1246 2972 puella
1273 2888 1475 2951 mariti
1628 2846 1735 2941 ὓ.)
1894 2952 1901 2959 ,

173 2971 466 3034 Disceret
494 2909 654 3035 unde
685 2992 898 3055 preces
948 2979 1150 3037 vatem
1177 2974 1240 3035 ni
1270 2973 1453 3037 Musa
1481 2969 1799 3037 dedisset?

176 3058 388 3120 Poscit
414 3079 589 3141 opem
619 3059 836 3121 chorus
865 3064 928 3121 et
955 3059 1296 3143 praesentia
1322 3059 1566 3122 numina
1594 3058 1799 3138 sentit,

181 3143 489 3207 Caelestes
518 3143 794 3226 implorat
822 3164 1010 3226 aquas
1040 3144 1220 3207 docta
1247 3166 1429 3227 prece
1459 3143 1739 3224 blanduS,
2167 3160 2259 3209 135

173 3228 432 3291 Avertit
457 3229 711 3307 morbosi,
737 3229 1062 3291 metuenda
1089 3230 1357 3311 pericula.
1382 3230 1573 3313 pellit,

174 3314 477 3396 Itnpctrat
505 3321 568 3376 et
596 3335 806 3397 pacem
835 3320 898 3376 et
924 3315 1282 3397 locupletem
1311 3316 1583 3399 frugibus
1613 3334 1851 3378 annum.

178 3398 462 3461 Carmine
493 3399 554 3461 di
583 3400 784 3481 superi
814 3400 1148 3482 placantur,
1179 3402 1441 3463 carmine
1472 3401 1709 3464 Manes.

165 3483 510 3566 Agricolae
540 3482 738 3568 prisci,
753 3484 940 3547 fortes
971 3504 1277 3569 parvoque
1307 3486 1496 3565 beati,
1592 3486 1635 3517 Γ·
2336 3560 2340 3565 ,

168 3568 440 3633 Condita
467 3576 601 3651 post
634 3568 936 3633 frumenta
963 3569 1234 3633 levantes
1263 3577 1531 3653 tempore
1561 3569 1715 3631 festo
2166 3586 2257 3636 140

167 3655 414 3739 Corpus
443 3661 508 3716 et
534 3654 730 3738 ipsum
761 3655 1023 3717 animum
1051 3676 1158 3739 spe
1187 3656 1322 3718 finis
1356 3657 1509 3718 dura
1536 3656 1853 3735 ferentem,

165 3741 336 3805 Cum
364 3738 538 3805 sociis
566 3760 836 3824 operum,
865 3741 1068 3825 pueris
1095 3749 1161 3805 et
1190 3742 1443 3825 conjuge
1472 3740 1619 3820 fida,

593 3939 730 4047 j?
851 4008 889 4047 ”
945 4000 1033 4039 s‘t'
1089 3992 1111 4015 ν’

686 4054 701 4064 -
983 4066 986 4069 .
