2675 4409
785 723 910 828 ῃ.
955 721 1333 790 ΗΟΒΑΤΠ
1389 725 1709 792 FLAcct

691 897 1861 1058 CARMINUM

945 1218 1171 1274 LIBER
1214 1219 1599 1283 QUARTUS.

1117 1441 1430 1488 4.

963 1633 1447 1705 GARMEN
1503 1638 1577 1705 1.

576 1893 1003 1972 Immrssa,
1031 1891 1270 1976 Venus,
1301 1891 1407 1956 diu

490 1981 729 2046 Rursus
758 1980 916 2042 bella
943 1977 1198 2042 moves?
1288 1979 1507 2058 Parce,
1538 1999 1772 2064 precor,
1802 1999 2029 2064 precor.

578 2067 722 2130 Non
754 2087 886 2128 sum
939 2065 1133 2149 qualis
1157 2085 1320 2127 eram
1348 2065 1539 2128 bonae

495 2151 624 2218 Sub
653 2171 841 2234 regno
875 2149 1153 2213 Cinarae.
1244 2150 1491 2228 Desine,
1524 2150 1789 2214 dulcium

575 2237 780 2301 Mater
809 2257 991 2299 saeva
1019 2235 1405 2318 Cupidinum,

497 2322 677 2388 Circa
705 2324 896 2392 lustra
925 2321 1136 2384 decem
1163 2322 1409 2383 flectere
1442 2318 1719 2384 mollibus

579 2409 625 2472 J
627 2430 725 2472 am
754 2408 970 2470 durum
999 2407 1296 2490 imperiis:
1346 2407 1443 2470 abi

495 2492 630 2568 Quo
657 2493 914 2556 blandae
934 2493 1226 2577 juvenum
1256 2500 1316 2556 te
1350 2501 1635 2557 revocant
1662 2512 1894 2578 preces-

581 2579 1015 2662 Tempestivius
1046 2579 1110 2640 in
1141 2578 1381 2640 domum

495 2663 696 2728 Paulli
745 2665 1062 2746 purpureis
1093 2664 1218 2726 ales
1245 2663 1505 2726 oloribus

583 2748 992 2813 comissabere
1021 2747 1294 2827 Maximi,

500 2834 571 2901 Si
598 2842 828 2916 torrere
849 2835 1029 2918 jecur
1055 2835 1297 2917 quaeris
1325 2835 1643 2896 idoneum:

582 2920 866 3002 Namque
896 2927 960 2982 et
988 2918 1199 2982 nobilis
1253 2926 1317 2982 et
1346 2921 1567 2982 decens

499 3005 586 3070 Et
613 3027 722 3089 pro
751 3005 1012 3068 sollicitis
1043 3027 1162 3067 non
1191 3005 1413 3068 tacitus
1442 3005 1561 3067 reis

583 3091 668 3154 Et
697 3097 937 3152 centum
967 3112 1118 3174 puer
1147 3091 1367 3152 artium

498 3175 652 3240 Late
683 3176 856 3258 signa
884 3177 1043 3238 feret
1070 3177 1314 3238 militiae
1346 3183 1512 3258 tuae,

585 3261 670 3324 Et
725 3262 1082 3344 quandoque
1123 3263 1423 3344 potentior

497 3346 684 3430 Largi
713 3347 1056 3409 muneribus
1085 3347 1286 3408 riserit
1314 3348 1533 3410 aemuli

584 3433 855 3496 Albanos
883 3453 1066 3515 prope
1097 3439 1158 3494 te
1189 3432 1359 3495 lacus

496 3517 694 3583 Ponet
721 3539 1112 3581 marmoream
1143 3519 1254 3580 sub
1287 3518 1455 3580 trabe
1487 3518 1695 3580 citrea.

582 3605 718 3666 Illic
748 3603 1004 3687 plurima
1031 3603 1273 3665 naribus

497 3688 704 3754 Duces
735 3689 934 3769 thura,
963 3690 1252 3774 lyraeque
1283 3694 1351 3752 et
1376 3686 1780 3772 Berecyntiae

2258 2684 2317 2731 [0

2259 3111 2321 3160 15
