2675 4409
366 245 449 308 96

1239 256 1588 302 CARMINUM

797 411 964 476 Luce
995 411 1322 474 Maecenas
1350 431 1521 473 meus
1546 407 1883 474 adfluentes

1133 493 1391 559 Ordinat
1421 517 1626 558 annos.

793 582 1147 666 Telephum,
1179 603 1358 664 quem
1390 588 1457 643 tu
1487 581 1663 664 petis,
1693 579 2011 664 occupavit

794 669 938 733 Non
969 677 1108 730 tuae
1141 667 1317 729 sortis
1337 667 1625 751 juvenem
1678 668 1880 749 puella

795 754 984 820 Dives
1007 760 1071 816 et
1097 752 1344 831 lasciva,
1375 759 1659 834 tenetque
1690 759 1867 834 grata.

1141 837 1444 920 Compede
1473 837 1759 900 vinctum.

793 925 1010 989 Terret
1039 924 1347 986 ambustus
1378 923 1693 985 Phaethon
1722 941 1936 986 avaras

797 1009 973 1094 Spes,
1005 1018 1068 1072 et
1101 1009 1436 1094 exemplum
1468 1029 1651 1090 grave
1682 1010 1933 1091 praebet
1960 1009 2087 1072 ales

792 1096 1087 1180 PegasuS,
1132 1103 1440 1156 terrenum
1468 1095 1733 1177 equitem
1763 1102 2049 1178 gravatus

1134 1179 1679 1262 Bellerophontem,

797 1265 1050 1350 Semper
1077 1271 1147 1328 ut
1179 1273 1236 1328 te
1267 1265 1451 1348 digna
1480 1285 1733 1349 sequare
1788 1270 1851 1327 et
1900 1265 2063 1329 ulssra

797 1351 992 1425 Quam
1019 1353 1163 1415 licet
1189 1371 1435 1433 sperare
1465 1351 1635 1414 nefas
1665 1349 1929 1434 putando

794 1437 1113 1521 Disparem
1143 1437 1316 1498 vites,
1404 1436 1596 1518 Age'
1568 1457 1718 1519 Jam,
1747 1456 2017 1500 meorum

1131 1521 1298 1584 Finis
1327 1541 1595 1584 amorum
1608 1557 1696 1570 —

792 1605 935 1670 Non
965 1605 1122 1669 enim
1151 1606 1399 1688 posthac
1430 1607 1547 1670 alia
1576 1607 1781 1670 calebo

791 1691 1042 1754 Femina
1081 1727 1169 1738 —
1183 1691 1460 1754 condisce
1490 1693 1694 1756 modos
1746 1692 2003 1758 amanda

791 1777 962 1843 Voce
993 1797 1141 1862 quos
1169 1776 1431 1855 reddas3
1474 1777 1824 1844 minuentur
1851 1785 2021 1844 atrae

1134 1862 1413 1928 Carmine
1442 1884 1648 1929 curae.

1041 2293 1501 2360 CARMEN
1558 2293 1767 2362 XII.

701 2634 750 2700 J
752 2653 848 2699 AM
877 2635 1034 2701 veris
1065 2637 1309 2702 comites
1362 2657 1519 2721 quae
1547 2655 1713 2700 mare
1740 2640 2082 2736 temperant

706 2721 1034 2808 Impellunt
1063 2724 1294 2788 animae
1325 2724 1515 2787 lintea
1541 2721 1876 2799 Thraciae3

701 2808 747 2872 J
750 2829 849 2872 am
877 2831 989 2873 nec
1023 2818 1198 2891 prata
1226 2811 1428 2893 rigent
1477 2830 1589 2872 nec
1618 2809 1784 2872 fluvii
1810 2813 2089 2893 strepunt

961 2894 1236 2958 Hiberna
1262 2897 1399 2958 nive
1430 2895 1677 2976 turgidi.

705 2977 934 3042 Nidum
968 2981 1152 3078 ponit,
1183 2981 1331 3059 Ibyn
1358 2980 1636 3042 flebiliter
1664 2999 1933 3061 gemenS‚

703 3062 922 3126 Infelix
953 3065 1078 3128 avis
1132 3072 1196 3128 et
1224 3064 1551 3147 Cecropiae
1584 3063 1791 3126 domus

705 3147 1042 3212 Aeternum
1075 3150 1475 3233 opprobrium,
1507 3148 1667 3230 quod
1699 3149 1855 3211 male
1882 3119 2169 3214 barbaras

957 3233 1195 3316 Regum
1225 3242 1319 3297 est
1340 3235 1469 3296 ulta
1497 3235 1791 3298 libidines.

702 3317 978 3382 Dicunt'
962 3341 1024 3380 m
1053 3330 1261 3383 tcncro
1293 3319 1561 3419 gramine
1594 3321 1903 3404 pinguium

707 3403 1000 3467 Custodes
1033 3405 1230 3468 ovium
1261 3406 1525 3469 carmina
1552 3407 1775 3486 fistula,

699 3488 1142 3574 Delectantque
1173 3491 1353 3554 deum
1406 3492 1503 3555 cui
1532 3513 1717 3576 pecus
1748 3498 1811 3556 et
1838 3491 1996 3575 nigri

965 3574 1160 3640 Colles
1188 3577 1491 3641 Arcadiae
1522 3579 1784 3661 placent.

701 3660 1036 3726 Adduxere
1067 3663 1223 3726 sitim
1253 3670 1547 3748 tempora,
1576 3663 1839 3744 Virgili;

708 3746 832 3812 Sed
863 3769 1134 3831 pressum
1166 3748 1409 3812 Calibus
1439 3750 1661 3812 ducele
1693 3748 1977 3811 Liberum

2382 3431 2441 3478 10
