2675 4409
865 330 996 377 LIB.
1045 330 1150 378 111.
1199 330 1397 377 cARM.
1444 331 1511 377 X.

565 480 672 545 Me
702 502 860 545 nunc
892 482 1152 546 Thressa
1183 482 1368 547 Chloe‘
1396 486 1557 568 regit

491 566 722 630 Dulces
753 568 930 631 docta
957 569 1162 631 modos
1216 578 1278 631 et
1309 570 1575 634 citharae
1606 570 1823 652 scisne,

577 652 700 715 Pro
730 674 852 736 qua
879 676 996 716 non
1025 661 1286 716 metuam
1315 656 1465 717 mori

494 736 560 801 Si
587 746 842 820 parcent
870 740 1102 801 animae
1130 740 1258 801 fata
1285 741 1613 822 superstiti.

562 822 669 884 Me
703 831 891 885 torret
918 824 1050 885 face
1079 832 1286 886 mutua

476 906 722 970 Thurini
754 906 954 970 Calais
983 909 1138 969 filius
1173 906 1416 991 Ornyti,

574 992 694 1055 Pro
723 1014 842 1075 quo
871 993 962 1055 bis
992 993 1185 1075 patiar
1214 994 1364 1055 mori

494 1076 560 1141 Si
588 1084 838 1159 parcent
867 1098 1054 1161 puero
1083 1078 1211 1139 fata
1240 1077 1567 1159 superstiti.

566 1161 725 1234 Quid
779 1163 831 1225 si
860 1164 1056 1245 prisca
1083 1162 1242 1225 redit
1269 1163 1483 1227 Venus

489 1244 898 1329 Diductosque
920 1249 1072 1330 jugo
1102 1248 1263 1329 cogit
1301 1251 1517 1329 a'elne0‚

578 1328 645 1393 Si
672 1331 829 1393 flava
856 1332 1154 1394 excutitur
1186 1332 1374 1395 Chloe

489 1414 898 1500 Rejectaeque
928 1424 1099 1499 patet
1116 1418 1308 1500 janua
1336 1416 1568 1501 Lydiae
1594 1414 1623 1479 ’ἓ

570 1500 942 1584 Quamquam
972 1501 1168 1565 sidere
1199 1502 1501 1584 pulchrior

486 1584 602 1647 Ille
633 1593 747 1665 est,
776 1595 846 1648 tu
872 1586 1061 1649 levior
1089 1588 1311 1651 cortice
1362 1594 1427 1651 et
1452 1585 1720 1671 improbo

577 1670 934 1735 Iracundior
965 1671 1230 1751 Hadria,

491 1754 720 1819 Tecum
747 1756 950 1821 vivere
980 1778 1198 1838 amem,
1229 1762 1435 1819 tecum
1462 1756 1673 1821 obeam
1700 1756 1916 1825 libens.

861 2182 1320 2253 CARMEN
1395 2184 1512 2249 X.

490 2522 865 2591 limum
895 2527 1126 2592 Tanain
1155 2527 1206 2590 si
1231 2527 1493 2606 biberes,
1521 2524 1713 2611 Lyce,

497 2612 693 2678 Saevo
721 2626 910 2696 nupta
937 2614 1087 2689 vire,
1116 2634 1212 2675 me
1242 2619 1443 2675 tamen
1474 2632 1719 2694 asperas

494 2697 850 2762 Porrectum
881 2706 1020 2761 ante
1050 2700 1209 2761 fores
1239 2698 1500 2781 objicere
1528 2696 1739 2761 incolis

747 2783 1028 2846 Plorares
1056 2782 1475 2866 Aquilonibus·

493 2864 692 2933 Audis
718 2888 838 2951 quo
867 2868 1122 2951 strepitu
1139 2869 1353 2951 janua,
1382 2888 1501 2949 quo
1528 2884 1743 2929 nemus

494 2952 669 3017 Inter
699 2954 948 3035 pulchra
975 2961 1170 3017 satum
1201 2960 1367 3015 tecta
1394 2950 1696 3033 remugiat

493 3037 734 3118 Venti3‚
766 3046 830 3101 et
855 3038 1078 3121 positas
1106 3045 1177 3101 ut
1206 3036 1429 3120 glaciet
1454 3036 1627 3109 nives

755 3122 918 3186 Puro
947 3123 1188 3186 numine
1219 3124 1260 3185 J
1265 3120 1555 3205 uppite'r?

491 3206 803 3290 Ingratam
831 3209 1062 3272 Veneri
1091 3228 1252 3290 pone-
1273 3206 1633 3289 superbiam,

497 3292 598 3356 Ne
630 3300 905 3356 currente
920 3301 1078 3357 retro
1095 3293 1252 3355 funis
1283 3302 1383 3353 eat
1408 3299 1564 3355 rota.

494 3376 558 3441 N
562 3400 639 3441 on
668 3386 727 3440 te
758 3377 1430 3461 Penelopen'difficilem
1461 3374 1657 3457 procis

755 3463 1103 3546 Tyrrhenus
1134 3462 1345 3544 genuit
1371 3480 1609 3543 parens·

501 3546 556 3609 Ο
609 3548 882 3630 quamvis
909 3568 1106 3630 neque
1137 3556 1198 3609 te
1229 3567 1481 3608 munera
1531 3564 1645 3607 nec
1674 3562 1889 3627 preces

496 3632 634 3695 Nec
665 3632 890 3696 tinctus
922 3633 1076 3695 viola
1105 3634 1294 3714 pallor
1324 3630 1652 3693 amantium

499 3716 638 3779 Nec
667 3718 761 3781 vir
789 3718 992 3780 Pieria
1019 3718 1234 3801 pellice
1263 3717 1503 3779 saucius

758 3801 1008 3881 Curmt,
1042 3802 1406 3886 supplicibus
1436 3800 1558 3863 tuis

2145 316 2227 385 63

2161 595 2224 644 10

2162 1018 2223 1066 15

2157 1442 2227 1492 20

2173 3310 2235 3360 10

2181 3727 2313 3777 15·
