2675 4409
295 185 421 250 156
1147 199 1518 246 sammon

299 354 366 419 Si
395 354 528 438 quis
557 375 718 418 nunc
748 374 986 436 mergos
1016 375 1230 418 suaves
1262 355 1519 418 edixerit
1544 375 1732 436 assos,

294 441 544 504 Parebit
570 440 741 523 pravi
771 439 977 502 docilis
1007 439 1279 503 Romana
1297 442 1608 524 juventus.

299 525 586 589 Sordidus
618 546 655 588 a
683 526 852 590 tenui
880 526 1044 588 victu
1074 525 1342 606 distabit,
1379 524 1581 588 Ofella

293 611 337 675 J
341 611 515 674 udice
541 633 558 673 t
605 633 745 674 nam
775 611 1000 674 frustra
1029 611 1238 674 vitium
1267 611 1550 675 vitaveris
1578 609 1727 672 illud

299 696 364 758 Si
395 705 454 758 te
487 697 602 759 alio
635 718 886 779 pravum
917 697 1260 760 detorseris·
1351 697 1709 784 Avidienugn

297 781 411 844 Cui
442 781 623 845 Canis
654 803 728 844 ex
757 803 901 845 vero
933 782 1159 844 dictum
1189 803 1518 864 cognomen
1547 781 1859 856 adhaeret,

297 867 724 949 Quinquennes
755 868 917 930 oleas
947 874 1041 930 est
1069 874 1132 930 et
1159 869 1457 930 silvestria
1488 887 1691 946 corna,

293 955 392 1016 Ac
423 953 536 1015 nisi
565 959 862 1016 mutatum
891 953 1084 1036 parcit
1114 953 1444 1016 defundere
1476 953 1703 1030 vinum,
1732 960 1817 1034 et,

298 1037 485 1121 Cujus
515 1037 757 1101 odorem
786 1038 900 1100 olei
927 1059 1192 1121 nequeas
1222 1038 1510 1122 perferre,
1540 1037 1752 1102 licebit

294 1123 409 1185 Ille
438 1124 669 1206 repotia
720 1124 952 1186 natales
1005 1125 1226 1188 aliosve
1256 1123 1488 1186 dierum

294 1208 507 1272 Festos
537 1209 769 1272 albatus
800 1209 1086 1289 celebret,
1116 1231 1305 1274 cornu
1333 1210 1464 1295 ipse
1493 1208 1694 1273 bilibri

299 1293 583 1358 Gaulibus
611 1294 881 1370 instillat,
913 1295 1135 1358 veteris
1162 1316 1284 1358 non
1313 1315 1532 1382 parc-us
1562 1293 1740 1357 aceti.

299 1379 476 1452 Quali
503 1379 689 1462 igitur
718 1380 884 1442 victu
911 1380 1148 1464 sapiens
1177 1387 1406 1460 utetur,
1438 1381 1739 1443 ethorum

295 1465 522 1528 Utrum
547 1463 930 1548 imitabitur?
969 1542 974 1550 ι
1002 1465 1157 1537 ,Hac
1188 1471 1370 1548 urget
1396 1467 1599 1549 lupuS,
1628 1465 1744 1527 hac
1776 1463 1959 1542 canis,
1988 1461 2182 1528 aiunt.

296 1549 564 1612 Mundus
589 1549 704 1612 erit
735 1541 878 1634 qua*
887 1571 1007 1612 non
1037 1551 1296 1614 offendat
1325 1551 1622 1630 sordibus,
1649 1557 1829 1632 atque
2134 1624 2143 1632 ,

297 1635 376 1697 In
403 1641 681 1696 neutram
709 1641 941 1719 partem
974 1637 1171 1698 cultus
1201 1636 1401 1699 miser.
1492 1636 1613 1698 Hic
1644 1657 1839 1720 neque
1874 1635 2087 1717 servia,

298 1719 514 1782 Albuti
543 1719 700 1782 senis
731 1721 1022 1804 exemplo,
1053 1721 1195 1784 dum
1223 1723 1426 1784 munia
1458 1721 1611 1784 didit
1666 1712 1767 1790 cla-4
1799 1715 1848 1782 ίυ
1881 1771 1889 1776 .

217 1831 226 1840 ·
303 1803 533 1867 Saevus
564 1805 706 1882 erit;
753 1823 868 1866 nec
901 1807 986 1870 sic
1016 1814 1086 1870 ut
1114 1808 1364 1892 simplex
1393 1807 1663 1870 Naevius
1714 1811 1958 1870 unctam

302 1889 579 1952 Convivis
609 1891 918 1973 praebebit
948 1913 1204 1976 aquam:
1255 1893 1463 1956 vitium
1491 1893 1603 1956 hoc
1632 1913 1869 1976 quoque
1897 1913 2233 1975 magnum„

299 1975 531 2059 Accipe
561 1997 721 2039 nunc
774 1977 968 2042 victus
999 1979 1194 2041 tenuis
1227 1999 1381 2062 quae
1414 1985 1757 2062 quantaque
1788 1998 1994 2041 secum

299 2061 555 2124 Afferat.
645 2061 721 2124 In
751 2063 954 2146 primis
985 2066 1185 2127 valeas
1212 2065 1365 2127 bene
1394 2087 1408 2127 t
1454 2085 1593 2126 nam
1623 2063 1821 2126 variae
1852 2084 1951 2126 res

301 2145 395 2208 Ut
422 2155 680 2212 noceant
707 2149 929 2212 homini
986 2150 1197 2233 credas
1250 2171 1477 2211 memor
1507 2149 1662 2212 illius
1692 2169 1867 2212 escae

303 2231 472 2304 Quae
505 2233 754 2316 simplex
784 2235 920 2297 olim
943 2235 1050 2297 tibi
1079 2235 1344 2311 sederit3
1391 2243 1455 2297 at
1485 2235 1661 2298 simul
1690 2233 1839 2298 assis

299 2316 616 2382 Miscueris
647 2321 824 2398 elixa,
854 2321 1028 2383 simul
1058 2321 1373 2403 conchylia
1405 2320 1618 2400 turdiS‚

299 2401 520 2466 Dulcia
547 2423 610 2466 se
642 2405 702 2466 in
732 2405 912 2468 bilem
941 2413 1180 2469 vertent
1209 2405 1632 2488 stomachoque
1664 2405 1986 2468 tumultum

299 2487 496 2550 Lenta
524 2490 680 2552 feret
709 2491 940 2574 pituita.
1031 2491 1246 2570 Vides,
1276 2497 1347 2553 ut
1375 2491 1631 2574 pallidus
1661 2490 1849 2553 omnis

303 2573 506 2636 Coena
537 2576 822 2658 desurgat
851 2577 1029 2640 dubia
1057 2575 1084 2639 ’ἓ
1174 2575 1332 2650 Quin
1364 2588 1579 2660 corpus
1611 2582 1889 2640 onustum

305 2659 620 2724 Hesternis
651 2661 808 2725 vitiis
839 2663 1097 2725 animum
1129 2684 1365 2748 quoque
1391 2669 1758 2746 praegravat
1782 2681 1929 2741 una,

298 2744 506 2831 Atque
537 2747 724 2830 affigit
751 2748 931 2811 humo
963 2749 1196 2812 divinae
1227 2749 1583 2833 particulam
1614 2769 1817 2812 aurae.

298 2829 477 2893 Alter
530 2833 632 2895 ubi
661 2832 820 2898 dicto
851 2834 1026 2896 citius
1056 2841 1266 2900 curata-
1292 2835 1486 2917 sopori

298 2913 576 2979 Membra
605 2917 772 2980 dedit
823 2926 1075 3000 vegetus
1104 2920 1475 3002 praescripta
1504 2917 1580 2980 ad
1610 2916 1813 2979 munia
1840 2914 2054 2998 surgit.

298 2999 421 3063 Hic
453 3009 653 3063 tamen
685 3001 762 3064 ad
790 3004 1000 3065 melius
1031 3005 1250 3086 poterit
1280 3011 1690 3065 transcurrere
1723 3002 2045 3084 quondam,

303 3083 443 3148 Sive
477 3086 632 3147 diem
662 3087 882 3148 festum
913 3087 1148 3150 rediens
1180 3088 1491 3150 advexerit
1512 3107 1732 3166 annuS,

303 3169 427 3232 Seu
457 3191 732 3233 recreare
765 3172 926 3235 volet
952 3168 1265 3234 tenuatum
1297 3193 1533 3255 corpus,
1564 3172 1785 3254 ubique

301 3255 621 3318 Accedent
649 3257 787 3318 anni
818 3265 881 3318 et
909 3259 1156 3320 tractari
1185 3259 1418 3322 mollius
1450 3265 1620 3320 aetas

300 3341 612 3404 Imbecilla
639 3343 799 3406 volet
825 3363 842 3419 3
887 3343 995 3404 tibi
1025 3344 1308 3426 quidnam
1340 3344 1589 3407 accedet
1620 3343 1696 3404 ad
1727 3342 1905 3405 istam

303 3426 497 3500 Quam
524 3449 674 3510 puer
703 3437 765 3491 et
795 3429 1025 3491 validus
1055 3429 1384 3511 praesumis
1432 3429 1759 3507 mollitiem,
1790 3449 1900 3490 seu

301 3513 474 3576 Dura
507 3514 784 3576 valetudo
813 3514 1092 3577 inciderit
1119 3536 1226 3577 seu
1257 3515 1431 3578 tarda
1460 3511 1787 3578 senectus?

302 3598 638 3660 Rancidum
666 3621 876 3698 aprum
905 3601 1135 3684 antiqui
1163 3601 1512 3680 laudabant,
1542 3623 1662 3664 non
1692 3599 1832 3682 quia
1858 3614 2038 3663 nasus

304 3684 430 3746 Illis
461 3685 658 3746 nullus
690 3679 821 3747 erat
873 3686 980 3747 sed
1035 3687 1215 3750 credo
1267 3687 1381 3751 hac
1410 3693 1635 3766 mente,
1665 3685 1824 3769 quod
1852 3684 2065 3767 hospes

2312 1571 2383 1622 65

2315 1997 2383 2045 70

2319 2421 2381 2470 75
