2675 4409
881 264 1012 308 LIB.
1061 263 1155 308 IV.
1205 261 1401 309 cARM.
1448 263 1600 309 XIII.

547 415 616 482 Si
647 416 854 500 gestis,
875 417 1168 501 juvenum
1195 416 1477 478 nobilium
1507 416 1714 496 clienS,

711 572 716 576 ,
800 502 863 564 N
867 503 1012 564 ardo
1043 503 1182 564 vina
1209 502 1538 564 merebere.

546 587 746 651 Nardi
774 609 994 670 parvus
1025 609 1183 669 onyx
1214 588 1412 650 eliciet
1448 587 1665 650 cadum

545 672 664 746 Qui
695 695 854 735 nunc
888 671 1163 754 Sulpiciis
1195 673 1450 735 accubat
1480 673 1736 754 horreis,

550 757 704 842 Spes
736 759 959 820 donare
993 779 1174 820 novas
1204 759 1409 840 largus
1464 779 1785 842 amaraque

811 842 1106 906 Curarum
1136 845 1337 905 eluere
1371 843 1599 906 efficax.

545 929 653 992 Ad
685 949 837 1012 quae
869 929 918 992 si
947 949 1232 1012 properas
1263 929 1508 1010 gaudia,
1540 949 1677 990 cum
1706 933 1814 990 tua.

549 1014 746 1078 'Velox
775 1035 974 1076 merce
1006 1015 1140 1076 veni
1165 1037 1180 1076 :
1227 1035 1350 1076 non
1380 1035 1492 1096 ego
1522 1020 1583 1076 te
1612 1013 1760 1078 meis

543 1098 891 1162 Jmmunem
920 1099 1172 1161 meditor
1202 1100 1435 1180 tingere
1465 1100 1715 1181 poculis,

800 1183 993 1247 Plena
1023 1185 1190 1247 dives
1217 1185 1378 1246 utin
1412 1184 1605 1246 domo,

545 1269 780 1334 ‘Verum
809 1290 961 1353 pone
991 1289 1186 1332 moras
1216 1275 1280 1331 et
1307 1269 1570 1331 studium
1599 1267 1775 1346 lucri,

545 1354 992 1437 Nigrorumque
1026 1375 1272 1432 memor,
1302 1355 1447 1416 dum
1476 1355 1638 1432 licet,
1666 1353 1897 1438 ignium

541 1439 736 1505 Misce
768 1440 1079 1504 stultitiam
1109 1440 1367 1502 consiliis
1395 1441 1675 1503 brevem:

797 1525 994 1590 Dulce
1025 1533 1118 1588 est
1147 1525 1421 1610 desipere
1451 1524 1515 1589 in
1541 1525 1693 1589 loco,

838 1946 1300 2016 GARMEN
1357 1947 1631 2017 XIII.

542 2293 919 2369 Aumvan,
949 2289 1140 2374 Lyce,
1171 2289 1234 2352 di
1260 2310 1398 2352 mea
1426 2296 1587 2368 vota,
1618 2287 1679 2354 di

537 2380 876 2456 Audivere,
907 2375 1113 2459 Lyce:
1159 2375 1231 2438 fis
1262 2395 1436 2455 anuS,
1468 2384 1531 2438 et
1561 2383 1764 2441 tamen

625 2464 742 2528 Vis
770 2463 1026 2525 formosa
1053 2459 1244 2522 videri

713 2548 1019 2628 Ludisque
1051 2552 1114 2608 et
1140 2545 1293 2607 bibis
1321 2544 1637 2628 impudens

541 2633 629 2698 Et
657 2643 841 2698 cantu
871 2631 1122 2694 tremulo
1151 2637 1292 2714 pota
1323 2629 1680 2712 Cupidinem

539 2720 800 2784 Lentum
829 2717 1131 2780 sollicitas·
1221 2716 1334 2778 Ille
1368 2715 1614 2778 virentis
1645 2721 1708 2778 et

623 2805 857 2869 Doctae
887 2802 1141 2884 psallere
1175 2799 1361 2864 Chiae

579 2905 584 2908 ·
712 2887 988 2951 Pulchris
1019 2887 1275 2948 excubat
1302 2886 1363 2948 in
1396 2885 1587 2968 genis,

540 2975 928 3059 Importunus
958 2970 1116 3033 enim
1145 2972 1474 3034 transvolat
1502 2969 1699 3034 aridas

543 3059 840 3136 Querens,
869 3063 934 3120 et
961 3057 1185 3138 refugit
1215 3064 1274 3118 te
1330 3055 1473 3138 quia
1500 3055 1683 3118 luridi

627 3145 881 3220 DenteS,
914 3148 974 3204 te
1006 3143 1147 3225 quia
1175 3161 1364 3223 rugae

712 3229 988 3314 Turpant
1016 3233 1078 3289 et
1107 3227 1316 3310 capitis
1344 3224 1532 3292 nives,

538 3315 674 3379 Nec
708 3314 868 3380 Coae
899 3312 1169 3376 referunt
1185 3313 1317 3396 jam
1347 3311 1455 3372 tibi
1484 3329 1784 3394 purpurae

539 3399 676 3464 Nec
709 3401 855 3464 clari
883 3397 1112 3481 lapides
1141 3406 1433 3479 tempora,
1464 3417 1618 3480 quae
1650 3394 1834 3458 semel

622 3484 804 3549 Notis
834 3483 1074 3548 condita
1100 3482 1269 3544 fastis

714 3570 970 3634 Inclusit
1000 3567 1254 3630 volucris
1285 3565 1433 3628 dies,

547 3653 682 3729 Quo
710 3656 870 3738 fugit
898 3673 1111 3732 venus,
1140 3653 1282 3729 heu,
1312 3669 1509 3736 quove
1542 3643 1757 3713 color?
1790 3645 2017 3710 decens

551 3739 684 3816 Quo
713 3749 910 3806 motus
934 3739 1152 3886 ⁴29quid
1179 3739 1365 3802 habes
1394 3738 1573 3817 illius,
1600 3735 1782 3815 iuius,

2207 247 2288 312 97

2225 436 2289 486 15

2214 3075 2276 3126 10

2213 3495 2277 3547 15
