2675 4409
886 268 1018 314 LIB.
1065 268 1170 314 ΠΙ.
1215 268 1412 314 CARM.
1460 267 1650 314 XXIV.

659 418 973 484 Virtutem
1000 417 1356 484 incolumem
1384 421 1636 497 odimus,

582 502 892 570 Sublatam
923 527 997 569 ex
1026 507 1210 570 oculis
1241 507 1583 590 quaerimus
1610 505 1817 570 invidi.

665 589 824 664 Quid
854 591 1056 654 tristes
1086 590 1489 674 querimoniae

580 674 647 740 Si
676 698 794 740 non
825 677 1113 760 supplicio
1143 677 1320 760 culpa
1351 672 1685 740 reciditur?

664 760 824 835 Quid
853 763 1020 844 leges
1073 762 1200 824 sine
1230 762 1491 824 moribus

589 845 800 911 Vanae
853 847 1191 930 proficiunt,
1223 847 1271 910 si
1301 868 1497 930 neque
1528 845 1774 911 fervidis

661 933 814 995 Pars
842 933 1074 994 inclusa
1099 933 1393 995 caloribus

579 1017 795 1080 Mundi
848 1039 960 1080 nec
989 1017 1222 1080 Boreae
1250 1017 1566 1080 finitimum
1591 1016 1752 1080 latus
1837 1041 1853 1052 ·

663 1103 1054 1185 Durataeque
1085 1104 1208 1165 solo
1236 1103 1405 1165 nives

571 1187 974 1252 Mercatorem
1005 1188 1274 1270 abigunt,
1303 1188 1549 1251 horrida
1578 1187 1777 1252 callidi

660 1273 934 1337 Vincunt
964 1293 1228 1355 aequora
1253 1274 1517 1351 navitae,

573 1358 867 1440 Magnum
899 1358 1214 1442 pauperies
1247 1357 1629 1441 opprobrium
1646 1356 1827 1442 jubet

660 1442 911 1517 Quidvis
941 1451 1004 1506 et
1025 1444 1228 1506 facere
1261 1451 1322 1505 et
1352 1450 1481 1526 patr

571 1528 962 1612 virtutisque
987 1529 1147 1591 viam
1177 1529 1402 1590 deserit
1431 1527 1655 1592 arduae
1676 1526 1708 1590 ἲ

659 1614 782 1678 Vel
809 1635 916 1677 nos
943 1615 1006 1676 in
1039 1613 1397 1698 Capitolium

573 1697 710 1774 Quo
738 1699 960 1762 clamor
985 1705 1164 1762 vocat
1194 1705 1256 1762 et
1285 1697 1462 1764 turba
1489 1697 1843 1777 faventium,

659 1785 781 1849 Vel
810 1807 917 1848 nos
945 1785 1008 1848 in
1037 1805 1204 1848 mare
1233 1785 1565 1869 proximum

576 1869 863 1934 Gemmas
911 1877 976 1933 et
1001 1869 1238 1955 lapides
1287 1889 1500 1932 aurum
1529 1875 1593 1932 et
1620 1867 1853 1948 inutile,

663 1954 893 2018 Summi
920 1955 1230 2018 materiem
1259 1956 1423 2036 mali,

574 2040 891 2104 Mittamus
945 2042 1240 2104 scelerum
1269 2041 1320 2103 si
1349 2041 1503 2104 bene
1532 2035 1820 2124 poenitet.

627 2133 632 2138 “
661 2125 986 2189 Eradenda
1015 2126 1306 2209 cupidinis

575 2210 759 2274 Pravi
789 2219 932 2274 sunt
959 2213 1277 2290 elementa,
1308 2217 1373 2274 et
1400 2216 1645 2274 tenerae
1672 2204 1853 2272 nimis
1940 2231 1945 2238 ·

664 2296 908 2360 Mentes
937 2297 1335 2380 asperioribus

574 2381 950 2444 Formandae
973 2382 1203 2446 studiis.
1295 2380 1513 2445 Nescit
1542 2401 1697 2464 equo
1724 2377 1893 2443 rudis

667 2467 942 2530 Haerere
972 2467 1268 2550 ingenuus
1297 2487 1451 2551 puer

575 2549 926 2636 Venarique
958 2554 1151 2631 timet,
1181 2552 1391 2616 ludere
1422 2549 1673 2630 doctior,

667 2635 792 2701 Seu
823 2637 1058 2702 Graeco
1079 2639 1295 2722 jubeas
1323 2638 1532 2700 trocho

582 2718 705 2785 Seu
733 2723 902 2786 malis
932 2724 1120 2787 vetita
1148 2725 1381 2806 legibus
1411 2723 1566 2800 alea,

668 2808 824 2872 Cum
855 2810 1099 2894 perjura
1127 2810 1318 2895 patris
1348 2809 1501 2872 fides

584 2893 933 2959 Consortem
985 2895 1210 2957 socium
1238 2895 1412 2957 fallat
1463 2898 1527 2956 et
1553 2889 1849 2976 hospitem

665 2977 1040 3062 Indignoque
1072 2980 1388 3063 pecuniam

582 3063 819 3126 Heredi
863 3072 1168 3149 properet.
1274 3063 1523 3127 Scilicet
1553 3061 1856 3147 improbae

671 3148 967 3212 Crescunt
996 3149 1276 3226 divitiae;
1321 3156 1525 3212 tamen

584 3230 809 3298 Curtae
838 3235 1038 3298 nescio
1068 3234 1213 3320 quid
1243 3255 1481 3318 semper
1508 3233 1679 3297 abest
1705 3228 1813 3296 re’i.

2227 249 2311 316 ⁷5

2244 1204 2309 1254 40

2242 1630 2308 1679 45
