<?xml version="1.0" encoding="UTF-8"?>
<!DOCTYPE html PUBLIC "-//W3C//DTD XHTML 1.0 Transitional//EN"
    "http://www.w3.org/TR/xhtml1/DTD/xhtml1-transitional.dtd">
<html xmlns="http://www.w3.org/1999/xhtml" xml:lang="en" lang="en">
 <head>
  <title>
</title>
<meta http-equiv="Content-Type" content="text/html;charset=utf-8" />
  <meta name='ocr-system' content='tesseract 3.04.00' />
  <meta name='ocr-capabilities' content='ocr_page ocr_carea ocr_par ocr_line ocrx_word'/>
</head>
<body>
  <div class='ocr_page' id='page_1' title='image "./workshorace01chasgoog_0213.png"; bbox 0 0 2675 4409; ppageno 0'>
   <div class='ocr_carea' id='block_1_1' title="bbox 341 193 1613 310">
    <p class='ocr_par' dir='ltr' id='par_1_1' title="bbox 341 193 1613 310">
     <span class='ocr_line' id='line_1_1' title="bbox 341 193 1613 310; baseline -0.001 -1"><span class='ocrx_word' id='word_1_1' title='bbox 341 244 470 310; x_wconf 84' lang='grc'><strong>198</strong></span> <span class='ocrx_word' id='word_1_2' title='bbox 515 193 526 211; x_wconf 32' lang='grc'><strong>0</strong></span> <span class='ocrx_word' id='word_1_3' title='bbox 1156 259 1613 309; x_wconf 68' lang='grc' dir='ltr'><strong>ῈΡῙετοωιιυι</strong></span> 
     </span>
    </p>
   </div>
   <div class='ocr_carea' id='block_1_2' title="bbox 915 585 1846 653">
    <p class='ocr_par' dir='ltr' id='par_1_2' title="bbox 915 585 1846 653">
     <span class='ocr_line' id='line_1_2' title="bbox 915 585 1846 653; baseline 0 -2"><span class='ocrx_word' id='word_1_4' title='bbox 915 585 1498 652; x_wconf 79' lang='lat' dir='ltr'>EPISTOLA</span> <span class='ocrx_word' id='word_1_5' title='bbox 1611 586 1846 653; x_wconf 89' lang='lat' dir='ltr'>XIV.</span> 
     </span>
    </p>
   </div>
   <div class='ocr_carea' id='block_1_3' title="bbox 273 756 2119 3677">
    <p class='ocr_par' dir='ltr' id='par_1_3' title="bbox 337 756 1969 1187">
     <span class='ocr_line' id='line_1_3' title="bbox 338 756 1897 841; baseline -0.001 -15"><span class='ocrx_word' id='word_1_6' title='bbox 338 758 620 826; x_wconf 76' lang='lat' dir='ltr'>VILLICE</span> <span class='ocrx_word' id='word_1_7' title='bbox 647 759 932 823; x_wconf 83' lang='lat' dir='ltr'><strong>silvarum</strong></span> <span class='ocrx_word' id='word_1_8' title='bbox 960 765 1027 822; x_wconf 82' lang='lat' dir='ltr'><strong>et</strong></span> <span class='ocrx_word' id='word_1_9' title='bbox 1055 757 1200 822; x_wconf 88' lang='lat' dir='ltr'><strong>mihi</strong></span> <span class='ocrx_word' id='word_1_10' title='bbox 1227 780 1324 823; x_wconf 90' lang='lat' dir='ltr'><strong>me</strong></span> <span class='ocrx_word' id='word_1_11' title='bbox 1354 756 1665 822; x_wconf 87' lang='lat' dir='ltr'><strong>reddentis</strong></span> <span class='ocrx_word' id='word_1_12' title='bbox 1696 761 1897 841; x_wconf 87' lang='lat' dir='ltr'><strong>agelli,</strong></span> 
     </span>
     <span class='ocr_line' id='line_1_4' title="bbox 341 845 1847 929; baseline 0 -19"><span class='ocrx_word' id='word_1_13' title='bbox 341 846 536 921; x_wconf 85' lang='lat' dir='ltr'><strong>Quem</strong></span> <span class='ocrx_word' id='word_1_14' title='bbox 565 852 634 909; x_wconf 90' lang='lat' dir='ltr'><strong>tu</strong></span> <span class='ocrx_word' id='word_1_15' title='bbox 662 846 896 911; x_wconf 83' lang='lat' dir='ltr'><strong>fastidis</strong></span> <span class='ocrx_word' id='word_1_16' title='bbox 947 845 1282 909; x_wconf 83' lang='lat' dir='ltr'><strong>habitatum</strong></span> <span class='ocrx_word' id='word_1_17' title='bbox 1309 845 1575 929; x_wconf 89' lang='lat' dir='ltr'><strong>quinque</strong></span> <span class='ocrx_word' id='word_1_18' title='bbox 1604 845 1753 909; x_wconf 89' lang='lat' dir='ltr'><strong>focis</strong></span> <span class='ocrx_word' id='word_1_19' title='bbox 1783 853 1847 910; x_wconf 87' lang='lat' dir='ltr'><strong>et</strong></span> 
     </span>
     <span class='ocr_line' id='line_1_5' title="bbox 339 930 1969 1017; baseline 0.001 -22"><span class='ocrx_word' id='word_1_20' title='bbox 339 932 618 1015; x_wconf 82' lang='lat' dir='ltr'><strong>Quinque</strong></span> <span class='ocrx_word' id='word_1_21' title='bbox 647 932 832 996; x_wconf 89' lang='lat' dir='ltr'><strong>bonos</strong></span> <span class='ocrx_word' id='word_1_22' title='bbox 861 931 1099 995; x_wconf 88' lang='lat' dir='ltr'><strong>solitum</strong></span> <span class='ocrx_word' id='word_1_23' title='bbox 1127 931 1379 996; x_wconf 88' lang='lat' dir='ltr'><strong>Variam</strong></span> <span class='ocrx_word' id='word_1_24' title='bbox 1410 930 1712 995; x_wconf 76' lang='lat' dir='ltr'><strong>dimittere</strong></span> <span class='ocrx_word' id='word_1_25' title='bbox 1742 939 1969 1017; x_wconf 76' lang='lat' dir='ltr'><strong>patreS,</strong></span> 
     </span>
     <span class='ocr_line' id='line_1_6' title="bbox 339 1016 1803 1102; baseline -0.001 -20"><span class='ocrx_word' id='word_1_26' title='bbox 339 1018 657 1082; x_wconf 80' lang='lat' dir='ltr'><strong>Certemus</strong></span> <span class='ocrx_word' id='word_1_27' title='bbox 709 1017 908 1102; x_wconf 88' lang='lat' dir='ltr'><strong>spinas</strong></span> <span class='ocrx_word' id='word_1_28' title='bbox 937 1017 1208 1081; x_wconf 86' lang='lat' dir='ltr'><strong>animone</strong></span> <span class='ocrx_word' id='word_1_29' title='bbox 1239 1037 1355 1098; x_wconf 88' lang='lat' dir='ltr'><strong>ego</strong></span> <span class='ocrx_word' id='word_1_30' title='bbox 1382 1016 1595 1079; x_wconf 88' lang='lat' dir='ltr'><strong>fortius</strong></span> <span class='ocrx_word' id='word_1_31' title='bbox 1623 1037 1703 1079; x_wconf 91' lang='lat' dir='ltr'><strong>an</strong></span> <span class='ocrx_word' id='word_1_32' title='bbox 1733 1024 1803 1081; x_wconf 89' lang='lat' dir='ltr'><strong>tu</strong></span> 
     </span>
     <span class='ocr_line' id='line_1_7' title="bbox 337 1101 1794 1187; baseline 0 -21"><span class='ocrx_word' id='word_1_33' title='bbox 337 1102 580 1167; x_wconf 83' lang='lat' dir='ltr'><strong>Evellas</strong></span> <span class='ocrx_word' id='word_1_34' title='bbox 609 1124 780 1187; x_wconf 85' lang='lat' dir='ltr'><strong>agro,</strong></span> <span class='ocrx_word' id='word_1_35' title='bbox 810 1109 874 1167; x_wconf 90' lang='lat' dir='ltr'><strong>et</strong></span> <span class='ocrx_word' id='word_1_36' title='bbox 900 1102 1111 1166; x_wconf 90' lang='lat' dir='ltr'><strong>melior</strong></span> <span class='ocrx_word' id='word_1_37' title='bbox 1137 1102 1218 1165; x_wconf 89' lang='lat' dir='ltr'><strong>sit</strong></span> <span class='ocrx_word' id='word_1_38' title='bbox 1243 1101 1537 1166; x_wconf 88' lang='lat' dir='ltr'><strong>Horatius</strong></span> <span class='ocrx_word' id='word_1_39' title='bbox 1566 1122 1645 1165; x_wconf 89' lang='lat' dir='ltr'><strong>an</strong></span> <span class='ocrx_word' id='word_1_40' title='bbox 1673 1124 1794 1167; x_wconf 90' lang='lat' dir='ltr'><strong>res.</strong></span> 
     </span>
    </p>

    <p class='ocr_par' dir='ltr' id='par_1_4' title="bbox 335 1188 1819 1444">
     <span class='ocr_line' id='line_1_8' title="bbox 335 1188 1819 1273; baseline 0 -21"><span class='ocrx_word' id='word_1_41' title='bbox 335 1188 444 1252; x_wconf 88' lang='lat' dir='ltr'><strong>Me</strong></span> <span class='ocrx_word' id='word_1_42' title='bbox 476 1189 746 1273; x_wconf 86' lang='lat' dir='ltr'><strong>quamvis</strong></span> <span class='ocrx_word' id='word_1_43' title='bbox 781 1188 1026 1253; x_wconf 83' lang='lat' dir='ltr'><strong>Lamiae</strong></span> <span class='ocrx_word' id='word_1_44' title='bbox 1054 1188 1248 1273; x_wconf 86' lang='lat' dir='ltr'><strong>pietas</strong></span> <span class='ocrx_word' id='word_1_45' title='bbox 1278 1194 1343 1251; x_wconf 90' lang='lat' dir='ltr'><strong>et</strong></span> <span class='ocrx_word' id='word_1_46' title='bbox 1370 1208 1521 1252; x_wconf 88' lang='lat' dir='ltr'><strong>cura</strong></span> <span class='ocrx_word' id='word_1_47' title='bbox 1546 1196 1819 1253; x_wconf 89' lang='lat' dir='ltr'><strong>moratur</strong></span> 
     </span>
     <span class='ocr_line' id='line_1_9' title="bbox 336 1272 1808 1359; baseline 0.001 -21"><span class='ocrx_word' id='word_1_48' title='bbox 336 1273 617 1338; x_wconf 77' lang='lat' dir='ltr'><strong>Fratrem</strong></span> <span class='ocrx_word' id='word_1_49' title='bbox 644 1274 989 1354; x_wconf 87' lang='lat' dir='ltr'><strong>maerent-is,</strong></span> <span class='ocrx_word' id='word_1_50' title='bbox 1018 1279 1192 1359; x_wconf 89' lang='lat' dir='ltr'><strong>rapto</strong></span> <span class='ocrx_word' id='word_1_51' title='bbox 1221 1272 1298 1337; x_wconf 89' lang='lat' dir='ltr'><strong>de</strong></span> <span class='ocrx_word' id='word_1_52' title='bbox 1329 1273 1522 1337; x_wconf 85' lang='lat' dir='ltr'><strong>fratre</strong></span> <span class='ocrx_word' id='word_1_53' title='bbox 1552 1272 1808 1339; x_wconf 86' lang='lat' dir='ltr'><strong>dolentis</strong></span> 
     </span>
     <span class='ocr_line' id='line_1_10' title="bbox 335 1359 1760 1444; baseline 0 -21"><span class='ocrx_word' id='word_1_54' title='bbox 335 1359 759 1441; x_wconf 88' lang='lat' dir='ltr'><strong>Insolabiliter,</strong></span> <span class='ocrx_word' id='word_1_55' title='bbox 789 1368 994 1423; x_wconf 90' lang='lat' dir='ltr'><strong>tamen</strong></span> <span class='ocrx_word' id='word_1_56' title='bbox 1022 1360 1178 1423; x_wconf 87' lang='lat' dir='ltr'><strong>istuc</strong></span> <span class='ocrx_word' id='word_1_57' title='bbox 1207 1380 1377 1423; x_wconf 85' lang='lat' dir='ltr'><strong>mens</strong></span> <span class='ocrx_word' id='word_1_58' title='bbox 1406 1359 1760 1444; x_wconf 88' lang='lat' dir='ltr'><strong>animusque</strong></span> 
     </span>
    </p>

    <p class='ocr_par' dir='ltr' id='par_1_5' title="bbox 335 1444 1951 1530">
     <span class='ocr_line' id='line_1_11' title="bbox 335 1444 1951 1530; baseline 0 -21"><span class='ocrx_word' id='word_1_59' title='bbox 335 1444 488 1509; x_wconf 88' lang='lat' dir='ltr'><strong>Fert</strong></span> <span class='ocrx_word' id='word_1_60' title='bbox 516 1452 579 1509; x_wconf 89' lang='lat' dir='ltr'><strong>et</strong></span> <span class='ocrx_word' id='word_1_61' title='bbox 605 1452 770 1509; x_wconf 88' lang='lat' dir='ltr'><strong>amat</strong></span> <span class='ocrx_word' id='word_1_62' title='bbox 795 1446 1003 1530; x_wconf 88' lang='lat' dir='ltr'><strong>spatiis</strong></span> <span class='ocrx_word' id='word_1_63' title='bbox 1031 1444 1331 1509; x_wconf 86' lang='lat' dir='ltr'><strong>obstantia</strong></span> <span class='ocrx_word' id='word_1_64' title='bbox 1358 1466 1635 1529; x_wconf 89' lang='lat' dir='ltr'><strong>rumpere</strong></span> <span class='ocrx_word' id='word_1_65' title='bbox 1668 1446 1951 1510; x_wconf 85' lang='lat' dir='ltr'><strong>claustra.</strong></span> 
     </span>
    </p>

    <p class='ocr_par' dir='ltr' id='par_1_6' title="bbox 273 1530 1861 1614">
     <span class='ocr_line' id='line_1_12' title="bbox 273 1530 1861 1614; baseline -0.001 -19"><span class='ocrx_word' id='word_1_66' title='bbox 273 1596 280 1603; x_wconf 77' lang='grc'>,</span> <span class='ocrx_word' id='word_1_67' title='bbox 335 1530 505 1595; x_wconf 82' lang='lat' dir='ltr'><strong>Rure</strong></span> <span class='ocrx_word' id='word_1_68' title='bbox 537 1552 652 1614; x_wconf 88' lang='lat' dir='ltr'><strong>ego</strong></span> <span class='ocrx_word' id='word_1_69' title='bbox 681 1531 1005 1609; x_wconf 85' lang='lat' dir='ltr'><strong>viventem,</strong></span> <span class='ocrx_word' id='word_1_70' title='bbox 1035 1537 1105 1593; x_wconf 89' lang='lat' dir='ltr'><strong>tu</strong></span> <span class='ocrx_word' id='word_1_71' title='bbox 1134 1531 1283 1594; x_wconf 86' lang='lat' dir='ltr'><strong>dicis</strong></span> <span class='ocrx_word' id='word_1_72' title='bbox 1311 1532 1376 1594; x_wconf 89' lang='lat' dir='ltr'><strong>in</strong></span> <span class='ocrx_word' id='word_1_73' title='bbox 1401 1531 1550 1595; x_wconf 89' lang='lat' dir='ltr'><strong>urbe</strong></span> <span class='ocrx_word' id='word_1_74' title='bbox 1580 1531 1861 1595; x_wconf 82' lang='lat' dir='ltr'><strong>beatum:</strong></span> 
     </span>
    </p>

    <p class='ocr_par' dir='ltr' id='par_1_7' title="bbox 337 1615 1890 1701">
     <span class='ocr_line' id='line_1_13' title="bbox 337 1615 1890 1701; baseline 0.001 -22"><span class='ocrx_word' id='word_1_75' title='bbox 337 1615 453 1679; x_wconf 85' lang='lat' dir='ltr'><strong>cui</strong></span> <span class='ocrx_word' id='word_1_76' title='bbox 482 1617 683 1701; x_wconf 89' lang='lat' dir='ltr'><strong>placet</strong></span> <span class='ocrx_word' id='word_1_77' title='bbox 710 1616 958 1680; x_wconf 88' lang='lat' dir='ltr'><strong>alterius</strong></span> <span class='ocrx_word' id='word_1_78' title='bbox 1007 1637 1120 1679; x_wconf 85' lang='lat' dir='ltr'><strong>sua</strong></span> <span class='ocrx_word' id='word_1_79' title='bbox 1145 1617 1427 1680; x_wconf 89' lang='lat' dir='ltr'><strong>nimirum</strong></span> <span class='ocrx_word' id='word_1_80' title='bbox 1457 1623 1551 1681; x_wconf 87' lang='lat' dir='ltr'><strong>est</strong></span> <span class='ocrx_word' id='word_1_81' title='bbox 1578 1616 1712 1681; x_wconf 87' lang='lat' dir='ltr'><strong>odio</strong></span> <span class='ocrx_word' id='word_1_82' title='bbox 1740 1638 1890 1681; x_wconf 78' lang='lat' dir='ltr'><strong>sors·</strong></span> 
     </span>
    </p>

    <p class='ocr_par' dir='ltr' id='par_1_8' title="bbox 301 1700 2056 1959">
     <span class='ocr_line' id='line_1_14' title="bbox 301 1700 2056 1788; baseline 0.003 -24"><span class='ocrx_word' id='word_1_83' title='bbox 301 1766 310 1771; x_wconf 79' lang='grc'><strong>,</strong></span> <span class='ocrx_word' id='word_1_84' title='bbox 339 1700 576 1765; x_wconf 76' lang='lat' dir='ltr'><strong>Stultus</strong></span> <span class='ocrx_word' id='word_1_85' title='bbox 605 1708 858 1787; x_wconf 87' lang='lat' dir='ltr'><strong>uterque</strong></span> <span class='ocrx_word' id='word_1_86' title='bbox 888 1703 1086 1767; x_wconf 91' lang='lat' dir='ltr'><strong>locum</strong></span> <span class='ocrx_word' id='word_1_87' title='bbox 1109 1702 1469 1767; x_wconf 88' lang='lat' dir='ltr'><strong>immeritum</strong></span> <span class='ocrx_word' id='word_1_88' title='bbox 1500 1710 1785 1768; x_wconf 79' lang='lat' dir='ltr'><strong>causatur</strong></span> <span class='ocrx_word' id='word_1_89' title='bbox 1810 1703 2056 1788; x_wconf 84' lang='lat' dir='ltr'><strong>inique:</strong></span> 
     </span>
     <span class='ocr_line' id='line_1_15' title="bbox 334 1787 1967 1874; baseline 0.001 -23"><span class='ocrx_word' id='word_1_90' title='bbox 334 1787 413 1851; x_wconf 93' lang='lat' dir='ltr'><strong>In</strong></span> <span class='ocrx_word' id='word_1_91' title='bbox 443 1788 621 1871; x_wconf 88' lang='lat' dir='ltr'><strong>culpa</strong></span> <span class='ocrx_word' id='word_1_92' title='bbox 649 1795 744 1873; x_wconf 71' lang='lat' dir='ltr'><strong>est</strong></span> <span class='ocrx_word' id='word_1_93' title='bbox 774 1788 1029 1868; x_wconf 76' lang='lat' dir='ltr'><strong>animuS,</strong></span> <span class='ocrx_word' id='word_1_94' title='bbox 1059 1789 1164 1873; x_wconf 90' lang='lat' dir='ltr'><strong>qui</strong></span> <span class='ocrx_word' id='word_1_95' title='bbox 1194 1810 1260 1852; x_wconf 89' lang='lat' dir='ltr'><strong>se</strong></span> <span class='ocrx_word' id='word_1_96' title='bbox 1293 1811 1415 1853; x_wconf 92' lang='lat' dir='ltr'><strong>non</strong></span> <span class='ocrx_word' id='word_1_97' title='bbox 1444 1789 1655 1873; x_wconf 86' lang='lat' dir='ltr'><strong>effugit</strong></span> <span class='ocrx_word' id='word_1_98' title='bbox 1682 1811 1967 1874; x_wconf 89' lang='lat' dir='ltr'><strong>unquam.</strong></span> 
     </span>
     <span class='ocr_line' id='line_1_16' title="bbox 336 1872 1749 1959; baseline 0.001 -22"><span class='ocrx_word' id='word_1_99' title='bbox 336 1874 432 1937; x_wconf 77' lang='lat' dir='ltr'><strong>Tu</strong></span> <span class='ocrx_word' id='word_1_100' title='bbox 459 1872 849 1939; x_wconf 75' lang='lat' dir='ltr'><strong>mediastinus</strong></span> <span class='ocrx_word' id='word_1_101' title='bbox 879 1875 1066 1939; x_wconf 88' lang='lat' dir='ltr'><strong>tacita</strong></span> <span class='ocrx_word' id='word_1_102' title='bbox 1091 1896 1274 1959; x_wconf 83' lang='lat' dir='ltr'><strong>prece</strong></span> <span class='ocrx_word' id='word_1_103' title='bbox 1304 1896 1451 1939; x_wconf 90' lang='lat' dir='ltr'><strong>rura</strong></span> <span class='ocrx_word' id='word_1_104' title='bbox 1478 1876 1749 1959; x_wconf 89' lang='lat' dir='ltr'><strong>petebas,</strong></span> 
     </span>
    </p>

    <p class='ocr_par' dir='ltr' id='par_1_9' title="bbox 337 1958 1900 2045">
     <span class='ocr_line' id='line_1_17' title="bbox 337 1958 1900 2045; baseline 0.001 -22"><span class='ocrx_word' id='word_1_105' title='bbox 337 1958 521 2024; x_wconf 84' lang='lat' dir='ltr'><strong>Nunc</strong></span> <span class='ocrx_word' id='word_1_106' title='bbox 550 1960 761 2024; x_wconf 88' lang='lat' dir='ltr'><strong>urbem</strong></span> <span class='ocrx_word' id='word_1_107' title='bbox 795 1967 858 2025; x_wconf 89' lang='lat' dir='ltr'><strong>et</strong></span> <span class='ocrx_word' id='word_1_108' title='bbox 886 1960 1060 2025; x_wconf 87' lang='lat' dir='ltr'><strong>ludos</strong></span> <span class='ocrx_word' id='word_1_109' title='bbox 1089 1968 1154 2026; x_wconf 91' lang='lat' dir='ltr'><strong>et</strong></span> <span class='ocrx_word' id='word_1_110' title='bbox 1181 1962 1401 2025; x_wconf 84' lang='lat' dir='ltr'><strong>balnea</strong></span> <span class='ocrx_word' id='word_1_111' title='bbox 1427 1961 1659 2025; x_wconf 83' lang='lat' dir='ltr'><strong>villicus</strong></span> <span class='ocrx_word' id='word_1_112' title='bbox 1686 1967 1900 2045; x_wconf 84' lang='lat' dir='ltr'><strong>optas3</strong></span> 
     </span>
    </p>

    <p class='ocr_par' dir='ltr' id='par_1_10' title="bbox 336 2044 1903 2296">
     <span class='ocr_line' id='line_1_18' title="bbox 336 2044 1800 2127; baseline 0.001 -18"><span class='ocrx_word' id='word_1_113' title='bbox 336 2044 444 2108; x_wconf 93' lang='lat' dir='ltr'><strong>Me</strong></span> <span class='ocrx_word' id='word_1_114' title='bbox 475 2052 748 2110; x_wconf 83' lang='lat' dir='ltr'><strong>constare</strong></span> <span class='ocrx_word' id='word_1_115' title='bbox 777 2046 922 2109; x_wconf 90' lang='lat' dir='ltr'><strong>mihi</strong></span> <span class='ocrx_word' id='word_1_116' title='bbox 950 2048 1090 2127; x_wconf 88' lang='lat' dir='ltr'><strong>scis,</strong></span> <span class='ocrx_word' id='word_1_117' title='bbox 1120 2054 1186 2111; x_wconf 90' lang='lat' dir='ltr'><strong>et</strong></span> <span class='ocrx_word' id='word_1_118' title='bbox 1213 2047 1525 2111; x_wconf 86' lang='lat' dir='ltr'><strong>discedere</strong></span> <span class='ocrx_word' id='word_1_119' title='bbox 1566 2048 1800 2111; x_wconf 90' lang='lat' dir='ltr'><strong>tristem</strong></span> 
     </span>
     <span class='ocr_line' id='line_1_19' title="bbox 339 2130 1903 2217; baseline 0.002 -23"><span class='ocrx_word' id='word_1_120' title='bbox 339 2130 832 2217; x_wconf 87' lang='lat' dir='ltr'><strong>Quandocunque</strong></span> <span class='ocrx_word' id='word_1_121' title='bbox 864 2133 1114 2197; x_wconf 89' lang='lat' dir='ltr'><strong>trahunt</strong></span> <span class='ocrx_word' id='word_1_122' title='bbox 1138 2132 1331 2196; x_wconf 87' lang='lat' dir='ltr'><strong>invisa</strong></span> <span class='ocrx_word' id='word_1_123' title='bbox 1356 2133 1601 2216; x_wconf 87' lang='lat' dir='ltr'><strong>negotia</strong></span> <span class='ocrx_word' id='word_1_124' title='bbox 1628 2134 1903 2197; x_wconf 86' lang='lat' dir='ltr'><strong>Romam.</strong></span> 
     </span>
     <span class='ocr_line' id='line_1_20' title="bbox 337 2216 1784 2296; baseline 0.002 -15"><span class='ocrx_word' id='word_1_125' title='bbox 337 2216 482 2281; x_wconf 87' lang='lat' dir='ltr'><strong>Non</strong></span> <span class='ocrx_word' id='word_1_126' title='bbox 510 2218 723 2283; x_wconf 86' lang='lat' dir='ltr'><strong>eadem</strong></span> <span class='ocrx_word' id='word_1_127' title='bbox 751 2220 1076 2296; x_wconf 87' lang='lat' dir='ltr'><strong>miramur;</strong></span> <span class='ocrx_word' id='word_1_128' title='bbox 1121 2240 1194 2283; x_wconf 88' lang='lat' dir='ltr'><strong>eo</strong></span> <span class='ocrx_word' id='word_1_129' title='bbox 1223 2218 1597 2283; x_wconf 84' lang='lat' dir='ltr'><strong>disconvenit</strong></span> <span class='ocrx_word' id='word_1_130' title='bbox 1623 2219 1784 2284; x_wconf 87' lang='lat' dir='ltr'><strong>inter</strong></span> 
     </span>
    </p>

    <p class='ocr_par' dir='ltr' id='par_1_11' title="bbox 337 2302 2119 2733">
     <span class='ocr_line' id='line_1_21' title="bbox 337 2302 2082 2391; baseline 0.002 -25"><span class='ocrx_word' id='word_1_131' title='bbox 337 2302 446 2367; x_wconf 95' lang='lat' dir='ltr'><strong>Me</strong></span> <span class='ocrx_word' id='word_1_132' title='bbox 488 2325 567 2369; x_wconf 91' lang='lat' dir='ltr'><strong>ue</strong></span> <span class='ocrx_word' id='word_1_133' title='bbox 597 2311 662 2368; x_wconf 88' lang='lat' dir='ltr'><strong>et</strong></span> <span class='ocrx_word' id='word_1_134' title='bbox 689 2311 790 2370; x_wconf 86' lang='lat' dir='ltr'><strong>te:</strong></span> <span class='ocrx_word' id='word_1_135' title='bbox 835 2326 978 2369; x_wconf 88' lang='lat' dir='ltr'><strong>nam</strong></span> <span class='ocrx_word' id='word_1_136' title='bbox 1033 2326 1188 2389; x_wconf 84' lang='lat' dir='ltr'><strong>quae</strong></span> <span class='ocrx_word' id='word_1_137' title='bbox 1221 2304 1465 2369; x_wconf 86' lang='lat' dir='ltr'><strong>deserta</strong></span> <span class='ocrx_word' id='word_1_138' title='bbox 1495 2313 1561 2369; x_wconf 90' lang='lat' dir='ltr'><strong>et</strong></span> <span class='ocrx_word' id='word_1_139' title='bbox 1584 2305 1885 2391; x_wconf 90' lang='lat' dir='ltr'><strong>inhospita</strong></span> <span class='ocrx_word' id='word_1_140' title='bbox 1910 2309 2082 2370; x_wconf 84' lang='lat' dir='ltr'><strong>tesca</strong></span> 
     </span>
     <span class='ocr_line' id='line_1_22' title="bbox 338 2325 1943 2473; baseline 0.001 -21"><span class='ocrx_word' id='word_1_141' title='bbox 338 2325 554 2455; x_wconf 45' lang='lat' dir='ltr'><strong>croilis</strong></span> <span class='ocrx_word' id='word_1_142' title='bbox 607 2410 858 2456; x_wconf 88' lang='lat' dir='ltr'><strong>amoena</strong></span> <span class='ocrx_word' id='word_1_143' title='bbox 884 2396 1061 2455; x_wconf 88' lang='lat' dir='ltr'><strong>vocat</strong></span> <span class='ocrx_word' id='word_1_144' title='bbox 1087 2411 1324 2454; x_wconf 92' lang='lat' dir='ltr'><strong>mecum</strong></span> <span class='ocrx_word' id='word_1_145' title='bbox 1353 2390 1457 2473; x_wconf 92' lang='lat' dir='ltr'><strong>qui</strong></span> <span class='ocrx_word' id='word_1_146' title='bbox 1484 2391 1691 2471; x_wconf 86' lang='lat' dir='ltr'><strong>sentit,</strong></span> <span class='ocrx_word' id='word_1_147' title='bbox 1722 2398 1787 2455; x_wconf 89' lang='lat' dir='ltr'><strong>et</strong></span> <span class='ocrx_word' id='word_1_148' title='bbox 1814 2390 1943 2454; x_wconf 87' lang='lat' dir='ltr'><strong>odit</strong></span> 
     </span>
     <span class='ocr_line' id='line_1_23' title="bbox 339 2474 2119 2563; baseline 0.001 -24"><span class='ocrx_word' id='word_1_149' title='bbox 339 2474 509 2549; x_wconf 85' lang='lat' dir='ltr'><strong>Quae</strong></span> <span class='ocrx_word' id='word_1_150' title='bbox 539 2482 608 2541; x_wconf 89' lang='lat' dir='ltr'><strong>tu</strong></span> <span class='ocrx_word' id='word_1_151' title='bbox 637 2478 890 2563; x_wconf 89' lang='lat' dir='ltr'><strong>pulchra</strong></span> <span class='ocrx_word' id='word_1_152' title='bbox 916 2482 1115 2559; x_wconf 86' lang='lat' dir='ltr'><strong>putas.</strong></span> <span class='ocrx_word' id='word_1_153' title='bbox 1203 2474 1431 2539; x_wconf 83' lang='lat' dir='ltr'><strong>Fornix</strong></span> <span class='ocrx_word' id='word_1_154' title='bbox 1457 2475 1565 2539; x_wconf 91' lang='lat' dir='ltr'><strong>tibi</strong></span> <span class='ocrx_word' id='word_1_155' title='bbox 1594 2482 1659 2540; x_wconf 88' lang='lat' dir='ltr'><strong>et</strong></span> <span class='ocrx_word' id='word_1_156' title='bbox 1684 2480 1872 2541; x_wconf 89' lang='lat' dir='ltr'><strong>uncta</strong></span> <span class='ocrx_word' id='word_1_157' title='bbox 1898 2474 2119 2563; x_wconf 84' lang='lat' dir='ltr'><strong>popina</strong></span> 
     </span>
     <span class='ocr_line' id='line_1_24' title="bbox 337 2560 1777 2646; baseline 0.001 -21"><span class='ocrx_word' id='word_1_158' title='bbox 337 2561 654 2629; x_wconf 85' lang='lat' dir='ltr'><strong>Incutiunt</strong></span> <span class='ocrx_word' id='word_1_159' title='bbox 679 2563 845 2628; x_wconf 86' lang='lat' dir='ltr'><strong>urbis</strong></span> <span class='ocrx_word' id='word_1_160' title='bbox 874 2561 1260 2642; x_wconf 88' lang='lat' dir='ltr'><strong>desiderium,</strong></span> <span class='ocrx_word' id='word_1_161' title='bbox 1289 2561 1489 2643; x_wconf 86' lang='lat' dir='ltr'><strong>video,</strong></span> <span class='ocrx_word' id='word_1_162' title='bbox 1522 2568 1587 2625; x_wconf 92' lang='lat' dir='ltr'><strong>et</strong></span> <span class='ocrx_word' id='word_1_163' title='bbox 1614 2560 1777 2646; x_wconf 89' lang='lat' dir='ltr'><strong>quod</strong></span> 
     </span>
     <span class='ocr_line' id='line_1_25' title="bbox 337 2647 1783 2733; baseline -0.001 -20"><span class='ocrx_word' id='word_1_164' title='bbox 337 2648 622 2732; x_wconf 86' lang='lat' dir='ltr'><strong>Angulus</strong></span> <span class='ocrx_word' id='word_1_165' title='bbox 647 2648 764 2713; x_wconf 87' lang='lat' dir='ltr'><strong>iste</strong></span> <span class='ocrx_word' id='word_1_166' title='bbox 793 2648 954 2714; x_wconf 82' lang='lat' dir='ltr'><strong>feret</strong></span> <span class='ocrx_word' id='word_1_167' title='bbox 980 2648 1154 2733; x_wconf 88' lang='lat' dir='ltr'><strong>piper</strong></span> <span class='ocrx_word' id='word_1_168' title='bbox 1182 2655 1247 2713; x_wconf 90' lang='lat' dir='ltr'><strong>et</strong></span> <span class='ocrx_word' id='word_1_169' title='bbox 1275 2648 1417 2713; x_wconf 87' lang='lat' dir='ltr'><strong>thus</strong></span> <span class='ocrx_word' id='word_1_170' title='bbox 1446 2647 1611 2713; x_wconf 88' lang='lat' dir='ltr'><strong>ocius</strong></span> <span class='ocrx_word' id='word_1_171' title='bbox 1638 2668 1783 2727; x_wconf 86' lang='lat' dir='ltr'><strong>uva,</strong></span> 
     </span>
    </p>

    <p class='ocr_par' dir='ltr' id='par_1_12' title="bbox 339 2734 1787 2819">
     <span class='ocr_line' id='line_1_26' title="bbox 339 2734 1787 2819; baseline 0 -20"><span class='ocrx_word' id='word_1_172' title='bbox 339 2734 477 2799; x_wconf 84' lang='lat' dir='ltr'><strong>Nec</strong></span> <span class='ocrx_word' id='word_1_173' title='bbox 508 2735 704 2799; x_wconf 85' lang='lat' dir='ltr'><strong>vicina</strong></span> <span class='ocrx_word' id='word_1_174' title='bbox 731 2736 939 2800; x_wconf 88' lang='lat' dir='ltr'><strong>subest</strong></span> <span class='ocrx_word' id='word_1_175' title='bbox 966 2735 1171 2800; x_wconf 88' lang='lat' dir='ltr'><strong>vinum</strong></span> <span class='ocrx_word' id='word_1_176' title='bbox 1197 2735 1491 2819; x_wconf 86' lang='lat' dir='ltr'><strong>praebere</strong></span> <span class='ocrx_word' id='word_1_177' title='bbox 1532 2734 1787 2799; x_wconf 82' lang='lat' dir='ltr'><strong>taberna</strong></span> 
     </span>
    </p>

    <p class='ocr_par' dir='ltr' id='par_1_13' title="bbox 341 2819 1846 2906">
     <span class='ocr_line' id='line_1_27' title="bbox 341 2819 1846 2906; baseline 0 -23"><span class='ocrx_word' id='word_1_178' title='bbox 341 2819 512 2894; x_wconf 85' lang='lat' dir='ltr'><strong>Quae</strong></span> <span class='ocrx_word' id='word_1_179' title='bbox 542 2822 730 2906; x_wconf 87' lang='lat' dir='ltr'><strong>possit</strong></span> <span class='ocrx_word' id='word_1_180' title='bbox 757 2821 887 2901; x_wconf 91' lang='lat' dir='ltr'><strong>tibi,</strong></span> <span class='ocrx_word' id='word_1_181' title='bbox 916 2842 1032 2885; x_wconf 93' lang='lat' dir='ltr'><strong>nec</strong></span> <span class='ocrx_word' id='word_1_182' title='bbox 1060 2821 1348 2885; x_wconf 86' lang='lat' dir='ltr'><strong>meretrix</strong></span> <span class='ocrx_word' id='word_1_183' title='bbox 1376 2821 1643 2901; x_wconf 88' lang='lat' dir='ltr'><strong>tibicina,</strong></span> <span class='ocrx_word' id='word_1_184' title='bbox 1673 2821 1846 2906; x_wconf 90' lang='lat' dir='ltr'><strong>cujus</strong></span> 
     </span>
    </p>

    <p class='ocr_par' dir='ltr' id='par_1_14' title="bbox 339 2906 2051 3245">
     <span class='ocr_line' id='line_1_28' title="bbox 340 2906 2051 2989; baseline 0.001 -20"><span class='ocrx_word' id='word_1_185' title='bbox 340 2906 447 2969; x_wconf 89' lang='lat' dir='ltr'><strong>Ad</strong></span> <span class='ocrx_word' id='word_1_186' title='bbox 472 2907 790 2989; x_wconf 87' lang='lat' dir='ltr'><strong>strepitum</strong></span> <span class='ocrx_word' id='word_1_187' title='bbox 817 2907 996 2971; x_wconf 87' lang='lat' dir='ltr'><strong>salias</strong></span> <span class='ocrx_word' id='word_1_188' title='bbox 1025 2914 1226 2970; x_wconf 90' lang='lat' dir='ltr'><strong>terrae</strong></span> <span class='ocrx_word' id='word_1_189' title='bbox 1255 2907 1493 2988; x_wconf 83' lang='lat' dir='ltr'><strong>gravis:</strong></span> <span class='ocrx_word' id='word_1_190' title='bbox 1542 2913 1607 2970; x_wconf 88' lang='lat' dir='ltr'><strong>et</strong></span> <span class='ocrx_word' id='word_1_191' title='bbox 1634 2914 1839 2969; x_wconf 88' lang='lat' dir='ltr'><strong>tamen</strong></span> <span class='ocrx_word' id='word_1_192' title='bbox 1866 2925 2051 2989; x_wconf 84' lang='lat' dir='ltr'><strong>urges</strong></span> 
     </span>
     <span class='ocr_line' id='line_1_29' title="bbox 340 2991 1943 3075; baseline 0 -20"><span class='ocrx_word' id='word_1_193' title='bbox 340 2992 384 3055; x_wconf 88' lang='lat' dir='ltr'><strong>J</strong></span> <span class='ocrx_word' id='word_1_194' title='bbox 387 2992 715 3075; x_wconf 88' lang='lat' dir='ltr'><strong>ampridem</strong></span> <span class='ocrx_word' id='word_1_195' title='bbox 744 3014 864 3055; x_wconf 93' lang='lat' dir='ltr'><strong>non</strong></span> <span class='ocrx_word' id='word_1_196' title='bbox 893 2997 1059 3054; x_wconf 89' lang='lat' dir='ltr'><strong>tacta</strong></span> <span class='ocrx_word' id='word_1_197' title='bbox 1086 2992 1382 3074; x_wconf 85' lang='lat' dir='ltr'><strong>ligonibus</strong></span> <span class='ocrx_word' id='word_1_198' title='bbox 1412 3012 1559 3053; x_wconf 86' lang='lat' dir='ltr'><strong>arva</strong></span> <span class='ocrx_word' id='word_1_199' title='bbox 1608 2991 1943 3074; x_wconf 85' lang='lat' dir='ltr'><strong>bovemque</strong></span> 
     </span>
     <span class='ocr_line' id='line_1_30' title="bbox 339 3076 1897 3159; baseline -0.001 -18"><span class='ocrx_word' id='word_1_200' title='bbox 339 3076 724 3158; x_wconf 87' lang='lat' dir='ltr'><strong>Disjunctum</strong></span> <span class='ocrx_word' id='word_1_201' title='bbox 754 3098 930 3141; x_wconf 85' lang='lat' dir='ltr'><strong>curas</strong></span> <span class='ocrx_word' id='word_1_202' title='bbox 961 3083 1026 3138; x_wconf 90' lang='lat' dir='ltr'><strong>et</strong></span> <span class='ocrx_word' id='word_1_203' title='bbox 1053 3076 1276 3140; x_wconf 87' lang='lat' dir='ltr'><strong>strictis</strong></span> <span class='ocrx_word' id='word_1_204' title='bbox 1305 3076 1615 3139; x_wconf 88' lang='lat' dir='ltr'><strong>frondibus</strong></span> <span class='ocrx_word' id='word_1_205' title='bbox 1645 3077 1853 3159; x_wconf 85' lang='lat' dir='ltr'><strong>exples</strong></span> <span class='ocrx_word' id='word_1_206' title='bbox 1878 3096 1897 3153; x_wconf 82' lang='lat'><em>3</em></span> 
     </span>
     <span class='ocr_line' id='line_1_31' title="bbox 340 3160 1709 3245; baseline 0 -21"><span class='ocrx_word' id='word_1_207' title='bbox 340 3161 537 3224; x_wconf 88' lang='lat' dir='ltr'><strong>Addit</strong></span> <span class='ocrx_word' id='word_1_208' title='bbox 565 3183 714 3245; x_wconf 86' lang='lat' dir='ltr'><strong>opus</strong></span> <span class='ocrx_word' id='word_1_209' title='bbox 745 3160 916 3245; x_wconf 87' lang='lat' dir='ltr'><strong>pigro</strong></span> <span class='ocrx_word' id='word_1_210' title='bbox 945 3161 1132 3241; x_wconf 85' lang='lat' dir='ltr'><strong>rivus,</strong></span> <span class='ocrx_word' id='word_1_211' title='bbox 1163 3162 1214 3225; x_wconf 90' lang='lat' dir='ltr'><strong>si</strong></span> <span class='ocrx_word' id='word_1_212' title='bbox 1244 3160 1471 3224; x_wconf 90' lang='lat' dir='ltr'><strong>decidit</strong></span> <span class='ocrx_word' id='word_1_213' title='bbox 1497 3161 1709 3240; x_wconf 89' lang='lat' dir='ltr'><strong>imber,</strong></span> 
     </span>
    </p>

    <p class='ocr_par' dir='ltr' id='par_1_15' title="bbox 341 3245 1802 3332">
     <span class='ocr_line' id='line_1_32' title="bbox 341 3245 1802 3332; baseline 0.001 -23"><span class='ocrx_word' id='word_1_214' title='bbox 341 3246 542 3311; x_wconf 88' lang='lat' dir='ltr'><strong>Multa</strong></span> <span class='ocrx_word' id='word_1_215' title='bbox 572 3249 724 3311; x_wconf 92' lang='lat' dir='ltr'><strong>mole</strong></span> <span class='ocrx_word' id='word_1_216' title='bbox 757 3245 1063 3310; x_wconf 86' lang='lat' dir='ltr'><strong>docendus</strong></span> <span class='ocrx_word' id='word_1_217' title='bbox 1093 3246 1296 3329; x_wconf 90' lang='lat' dir='ltr'><strong>aprico</strong></span> <span class='ocrx_word' id='word_1_218' title='bbox 1328 3267 1578 3330; x_wconf 90' lang='lat' dir='ltr'><strong>parcere</strong></span> <span class='ocrx_word' id='word_1_219' title='bbox 1608 3252 1802 3332; x_wconf 87' lang='lat' dir='ltr'><strong>prato.</strong></span> 
     </span>
    </p>

    <p class='ocr_par' dir='ltr' id='par_1_16' title="bbox 342 3332 2056 3677">
     <span class='ocr_line' id='line_1_33' title="bbox 342 3332 2056 3417; baseline 0.001 -20"><span class='ocrx_word' id='word_1_220' title='bbox 342 3333 527 3397; x_wconf 89' lang='lat' dir='ltr'><strong>Nunc</strong></span> <span class='ocrx_word' id='word_1_221' title='bbox 580 3353 694 3416; x_wconf 86' lang='lat' dir='ltr'><strong>age</strong></span> <span class='ocrx_word' id='word_1_222' title='bbox 748 3332 894 3417; x_wconf 88' lang='lat' dir='ltr'><strong>quid</strong></span> <span class='ocrx_word' id='word_1_223' title='bbox 921 3339 1192 3396; x_wconf 88' lang='lat' dir='ltr'><strong>nostrum</strong></span> <span class='ocrx_word' id='word_1_224' title='bbox 1221 3340 1580 3397; x_wconf 88' lang='lat' dir='ltr'><strong>concentum</strong></span> <span class='ocrx_word' id='word_1_225' title='bbox 1608 3333 1840 3397; x_wconf 89' lang='lat' dir='ltr'><strong>dividat</strong></span> <span class='ocrx_word' id='word_1_226' title='bbox 1891 3334 2056 3398; x_wconf 87' lang='lat' dir='ltr'><strong>audi.</strong></span> 
     </span>
     <span class='ocr_line' id='line_1_34' title="bbox 345 3418 1903 3505; baseline 0 -22"><span class='ocrx_word' id='word_1_227' title='bbox 345 3418 540 3493; x_wconf 87' lang='lat' dir='ltr'><strong>Quem</strong></span> <span class='ocrx_word' id='word_1_228' title='bbox 570 3425 783 3484; x_wconf 88' lang='lat' dir='ltr'><strong>tenues</strong></span> <span class='ocrx_word' id='word_1_229' title='bbox 813 3419 1072 3483; x_wconf 88' lang='lat' dir='ltr'><strong>decuere</strong></span> <span class='ocrx_word' id='word_1_230' title='bbox 1101 3425 1280 3503; x_wconf 85' lang='lat' dir='ltr'><strong>togae</strong></span> <span class='ocrx_word' id='word_1_231' title='bbox 1309 3420 1604 3504; x_wconf 88' lang='lat' dir='ltr'><strong>nitidique</strong></span> <span class='ocrx_word' id='word_1_232' title='bbox 1636 3420 1857 3505; x_wconf 84' lang='lat' dir='ltr'><strong>capilli,</strong></span> <span class='ocrx_word' id='word_1_233' title='bbox 1896 3442 1903 3451; x_wconf 83' lang='grc'>’</span> 
     </span>
     <span class='ocr_line' id='line_1_35' title="bbox 346 3504 1919 3591; baseline 0 -22"><span class='ocrx_word' id='word_1_234' title='bbox 346 3504 541 3579; x_wconf 87' lang='lat' dir='ltr'><strong>Quem</strong></span> <span class='ocrx_word' id='word_1_235' title='bbox 570 3506 688 3569; x_wconf 89' lang='lat' dir='ltr'><strong>scis</strong></span> <span class='ocrx_word' id='word_1_236' title='bbox 717 3508 1039 3571; x_wconf 89' lang='lat' dir='ltr'><strong>immunem</strong></span> <span class='ocrx_word' id='word_1_237' title='bbox 1059 3532 1063 3537; x_wconf 67' lang='grc'>’</span> <span class='ocrx_word' id='word_1_238' title='bbox 1081 3504 1336 3570; x_wconf 86' lang='lat' dir='ltr'><strong>Cinarae</strong></span> <span class='ocrx_word' id='word_1_239' title='bbox 1369 3508 1663 3590; x_wconf 89' lang='lat' dir='ltr'><strong>placuisse</strong></span> <span class='ocrx_word' id='word_1_240' title='bbox 1693 3506 1919 3591; x_wconf 88' lang='lat' dir='ltr'><strong>rapaci,</strong></span> 
     </span>
     <span class='ocr_line' id='line_1_36' title="bbox 346 3591 1869 3677; baseline 0 -22"><span class='ocrx_word' id='word_1_241' title='bbox 346 3591 542 3666; x_wconf 87' lang='lat' dir='ltr'><strong>Quem</strong></span> <span class='ocrx_word' id='word_1_242' title='bbox 570 3591 837 3656; x_wconf 87' lang='lat' dir='ltr'><strong>bibulum</strong></span> <span class='ocrx_word' id='word_1_243' title='bbox 865 3592 1075 3677; x_wconf 91' lang='lat' dir='ltr'><strong>liquidi</strong></span> <span class='ocrx_word' id='word_1_244' title='bbox 1102 3593 1304 3657; x_wconf 90' lang='lat' dir='ltr'><strong>media</strong></span> <span class='ocrx_word' id='word_1_245' title='bbox 1332 3593 1409 3656; x_wconf 89' lang='lat' dir='ltr'><strong>de</strong></span> <span class='ocrx_word' id='word_1_246' title='bbox 1437 3593 1573 3657; x_wconf 88' lang='lat' dir='ltr'><strong>luce</strong></span> <span class='ocrx_word' id='word_1_247' title='bbox 1602 3593 1869 3674; x_wconf 88' lang='lat' dir='ltr'><strong>Falerni,</strong></span> 
     </span>
    </p>
   </div>
   <div class='ocr_carea' id='block_1_4' title="bbox 346 3676 2215 3764">
    <p class='ocr_par' dir='ltr' id='par_1_17' title="bbox 346 3676 2215 3764">
     <span class='ocr_line' id='line_1_37' title="bbox 346 3676 2215 3764; baseline 0.002 -24"><span class='ocrx_word' id='word_1_248' title='bbox 346 3677 556 3741; x_wconf 87' lang='lat' dir='ltr'><strong>Coena</strong></span> <span class='ocrx_word' id='word_1_249' title='bbox 580 3676 780 3743; x_wconf 87' lang='lat' dir='ltr'><strong>brevis</strong></span> <span class='ocrx_word' id='word_1_250' title='bbox 800 3679 981 3762; x_wconf 90' lang='lat' dir='ltr'><strong>juvat</strong></span> <span class='ocrx_word' id='word_1_251' title='bbox 1008 3685 1072 3742; x_wconf 90' lang='lat' dir='ltr'><strong>et</strong></span> <span class='ocrx_word' id='word_1_252' title='bbox 1099 3700 1285 3764; x_wconf 91' lang='lat' dir='ltr'><strong>prope</strong></span> <span class='ocrx_word' id='word_1_253' title='bbox 1316 3680 1511 3742; x_wconf 86' lang='lat' dir='ltr'><strong>rivum</strong></span> <span class='ocrx_word' id='word_1_254' title='bbox 1539 3700 1780 3742; x_wconf 89' lang='lat' dir='ltr'><strong>somnus</strong></span> <span class='ocrx_word' id='word_1_255' title='bbox 1809 3677 1873 3741; x_wconf 89' lang='lat' dir='ltr'><strong>in</strong></span> <span class='ocrx_word' id='word_1_256' title='bbox 1899 3677 2091 3742; x_wconf 89' lang='lat' dir='ltr'><strong>herba</strong></span> <span class='ocrx_word' id='word_1_257' title='bbox 2106 3699 2126 3757; x_wconf 91' lang='lat'>;</span> <span class='ocrx_word' id='word_1_258' title='bbox 2207 3695 2215 3703; x_wconf 88' lang='lat'><em>·</em></span> 
     </span>
    </p>
   </div>
   <div class='ocr_carea' id='block_1_5' title="bbox 347 3761 1805 3850">
    <p class='ocr_par' dir='ltr' id='par_1_18' title="bbox 347 3761 1805 3850">
     <span class='ocr_line' id='line_1_38' title="bbox 347 3761 1805 3850; baseline 0.001 -25"><span class='ocrx_word' id='word_1_259' title='bbox 347 3761 482 3829; x_wconf 85' lang='lat' dir='ltr'><strong>Nec</strong></span> <span class='ocrx_word' id='word_1_260' title='bbox 512 3764 724 3829; x_wconf 88' lang='lat' dir='ltr'><strong>lusisse</strong></span> <span class='ocrx_word' id='word_1_261' title='bbox 755 3764 945 3850; x_wconf 85' lang='lat' dir='ltr'><strong>pudet</strong></span> <span class='ocrx_word' id='word_1_262' title='bbox 996 3766 1105 3829; x_wconf 88' lang='lat' dir='ltr'><strong>scd</strong></span> <span class='ocrx_word' id='word_1_263' title='bbox 1134 3787 1254 3829; x_wconf 91' lang='lat' dir='ltr'><strong>non</strong></span> <span class='ocrx_word' id='word_1_264' title='bbox 1281 3764 1548 3829; x_wconf 87' lang='lat' dir='ltr'><strong>incidere</strong></span> <span class='ocrx_word' id='word_1_265' title='bbox 1575 3763 1805 3827; x_wconf 85' lang='lat' dir='ltr'><strong>ludum.</strong></span> 
     </span>
    </p>
   </div>
   <div class='ocr_carea' id='block_1_6' title="bbox 2363 1555 2431 1605">
    <p class='ocr_par' dir='ltr' id='par_1_19' title="bbox 2363 1555 2431 1605">
     <span class='ocr_line' id='line_1_39' title="bbox 2363 1555 2431 1605; baseline 0.015 -1"><span class='ocrx_word' id='word_1_266' title='bbox 2363 1555 2431 1605; x_wconf 82' lang='lat'><strong>10</strong></span> 
     </span>
    </p>
   </div>
   <div class='ocr_carea' id='block_1_7' title="bbox 2363 1982 2430 2031">
    <p class='ocr_par' dir='ltr' id='par_1_20' title="bbox 2363 1982 2430 2031">
     <span class='ocr_line' id='line_1_40' title="bbox 2363 1982 2430 2031; baseline 0 0"><span class='ocrx_word' id='word_1_267' title='bbox 2363 1982 2430 2031; x_wconf 79' lang='lat'><strong>15</strong></span> 
     </span>
    </p>
   </div>
   <div class='ocr_carea' id='block_1_8' title="bbox 2604 580 2608 1090">
    <p class='ocr_par' dir='ltr' id='par_1_21' title="bbox 2604 580 2608 1090">
     <span class='ocr_line' id='line_1_41' title="bbox 2604 580 2608 1090; baseline 0 0"><span class='ocrx_word' id='word_1_268' title='bbox 2604 580 2608 1090; x_wconf 95' lang='lat' dir='ltr'><strong> </strong></span> 
     </span>
    </p>
   </div>
   <div class='ocr_carea' id='block_1_9' title="bbox 2607 1240 2615 2047">
    <p class='ocr_par' dir='ltr' id='par_1_22' title="bbox 2607 1240 2615 2047">
     <span class='ocr_line' id='line_1_42' title="bbox 2607 1240 2615 2047; baseline 0 0"><span class='ocrx_word' id='word_1_269' title='bbox 2607 1240 2615 2047; x_wconf 95' lang='lat' dir='ltr'><strong> </strong></span> 
     </span>
    </p>
   </div>
  </div>
 </body>
</html>
