2675 4409
9 2652 31 2693 j

726 257 1170 308 EPIsromtm
1211 259 1345 306 m.
1390 258 1469 306 11.
1516 257 1718 307 EPIST.
1762 257 1817 307 1.

219 416 336 482 Sic
363 415 568 480 fautor
589 420 868 480 veterum
917 420 990 478 ut
1017 413 1250 478 tabulas
1279 434 1535 498 peccare
1566 419 1843 480 vetantes

218 503 397 577 Quas
427 502 517 564 bis
545 501 810 586 quinque
842 500 952 564 viri
979 507 1330 580 sanxerunt,
1357 499 1605 564 foedera
1630 522 1845 584 regum

217 589 352 654 Vel
383 586 592 652 Gabiis
623 587 720 650 vel
749 607 888 650 cum
915 586 1124 668 rigidis
1152 593 1413 670 aequata
1446 584 1705 666 Sabinis,

220 669 592 738 Pontificum
616 673 820 750 libros,
851 693 1076 735 annosa
1103 671 1403 735 volumina
1430 679 1659 755 vatum,

221 760 488 824 Dictitet
517 759 756 822 Albano
785 756 1000 820 Musas
1027 757 1090 820 in
1120 765 1318 820 monte
1348 756 1947 838 locutam-„f

225 845 302 909 Si
357 845 500 928 quia
531 843 902 909 Graecorum
931 849 1074 906 sunt
1100 841 1514 925 antiquissima
1540 861 1819 926 quaeque

225 930 478 1015 Scripta
506 931 600 993 vel
629 929 853 1014 optima
903 927 1160 991 Romani
1186 933 1517 1011 pensantur
1544 926 1759 990 eadem

225 1016 572 1100 Scriptores
601 1014 850 1094 trutina,
877 1035 998 1078 non
1027 1019 1122 1076 est
1148 1011 1310 1096 quod
1338 1012 1531 1076 multa
1555 1012 1910 1096 loquamur;

221 1102 340 1166 Nil
367 1102 528 1165 intra
557 1107 652 1164 est
678 1101 894 1179 oleam,
921 1098 1008 1164 nil
1038 1105 1215 1164 extra
1242 1105 1340 1164 est
1366 1099 1433 1163 in
1460 1117 1617 1161 nuce
1650 1096 1791 1162 duri
1816 1116 1835 1176 3

220 1187 526 1251 Venimus
559 1185 638 1250 ad
665 1207 962 1250 summum
987 1186 1296 1258 fortunac3
1318 1183 1616 1267 pingimus
1648 1191 1831 1268 atque

221 1271 548 1337 Psallimus
577 1278 642 1335 et
667 1272 968 1336 luctamur
997 1269 1252 1334 Achivis
1280 1269 1515 1332 doctius
1544 1269 1761 1334 unctis.

227 1358 305 1422 Si
332 1358 581 1422 meliora
608 1356 738 1422 dies
789 1363 860 1419 ut
886 1356 1028 1420 vina
1075 1355 1357 1440 poemata
1382 1353 1605 1434 reddit,

227 1443 404 1508 Scire
434 1443 611 1508 velim
650 1441 880 1508 chartis
907 1439 1174 1530 pretium
1203 1448 1421 1526 quotus
1450 1445 1696 1522 arroget
1722 1457 1934 1504 annus.

227 1529 506 1614 Scriptor
556 1529 770 1593 abhinc
799 1549 986 1592 annos
1015 1533 1257 1592 centum
1287 1526 1393 1610 qui
1421 1524 1646 1590 decidit
1694 1525 1857 1591 inter

226 1615 546 1680 Perfectos
574 1621 931 1698 veteresque
959 1612 1174 1678 referri
1202 1612 1406 1693 debet,
1436 1633 1515 1675 an
1552 1611 1713 1676 inter

229 1701 404 1766 Viles
434 1709 616 1785 atque
641 1698 870 1764 novos?
959 1698 1262 1763 Excludat
1279 1697 1487 1783 jurgia
1518 1697 1676 1762 finis.

227 1787 347 1852 Est
375 1794 548 1850 vetus
579 1793 760 1870 atque
793 1784 1012 1869 probus
1063 1791 1307 1848 centum
1335 1785 1439 1867 qui
1466 1783 1703 1868 perficit
1730 1803 1937 1850 annos.

227 1872 415 1954 Quid,
445 1872 549 1957 qui
579 1871 835 1956 deperiit
862 1870 1054 1935 minor
1081 1891 1199 1933 uno
1228 1891 1433 1934 mense
1462 1870 1561 1933 vel
1594 1889 1773 1952 anno,

224 1959 404 2024 Inter
433 1979 582 2042 quos
609 1956 964 2022 referendus
992 1956 1108 2021 erit
1132 1955 1160 2019 ’ἰ
1204 1964 1521 2020 veteresne
1562 1957 1795 2040 poetas,

224 2046 337 2110 An
366 2066 512 2129 quos
541 2051 605 2107 et
631 2064 914 2129 praesens
945 2050 1009 2106 et
1037 2049 1276 2126 postera
1303 2047 1551 2124 respuat
1578 2041 1793 2106 aetas?

225 2131 360 2196 Iste
391 2129 632 2214 quidem
660 2137 898 2193 veteres
928 2128 1087 2192 inter
1113 2135 1369 2212 ponetur
1394 2127 1643 2190 honeste

225 2216 353 2290 Qui
382 2216 477 2279 vel
506 2237 707 2279 mense
737 2215 905 2280 brevi
937 2215 1032 2278 vel
1064 2220 1188 2277 toto
1216 2221 1311 2276 est
1330 2212 1537 2297 junior
1564 2233 1741 2276 anno.

225 2301 393 2368 Utor
433 2301 718 2386 permisso
769 2299 1120 2382 caudaeque
1150 2298 1298 2381 pilos
1325 2305 1397 2360 ut
1425 2296 1679 2381 equinae

227 2386 556 2452 Paullatim
584 2388 737 2451 vello
789 2393 854 2451 et
882 2385 1056 2450 demo
1082 2405 1292 2464 unum,
1322 2383 1497 2447 demo
1512 2393 1578 2449 et
1596 2385 1745 2449 item
1760 2405 1969 2466 unum,

225 2474 397 2538 Dum
427 2472 607 2536 cadat
635 2473 836 2538 elusus
863 2472 1096 2535 ratione
1125 2470 1355 2534 ruentis
1384 2470 1587 2534 acervi

227 2558 352 2632 Qui
381 2558 540 2622 redit
565 2557 630 2621 in
652 2558 834 2622 fastos
887 2564 951 2621 et
978 2557 1263 2622 virtutem
1291 2556 1569 2619 aestimat
1602 2555 1797 2636 annis,

227 2645 613 2743 Miraturque
641 2643 789 2707 nihil
815 2642 930 2707 nisi
957 2642 1121 2727 quod
1148 2640 1415 2722 Libitina
1440 2641 1955 2723 eanmund

11 2766 39 2828 ›-
77 2759 100 2772 ··
129 2769 136 2778 ·
213 2708 464 2796 -Enfiiuls
517 2736 581 2792 et
607 2729 842 2814 sapiens
871 2736 936 2792 et
962 2727 1136 2822 fortis
1187 2725 1252 2791 et
1271 2722 1434 2789 'alter
1460 2721 1788 2807 Homerus,
1879 2751 1887 2757 ·

11 2862 44 2899 ,Α
161 2868 180 2896 ,
228 2816 323 2880 Ut
351 2815 544 2879 critici
572 2815 802 2894 dicunt,
831 2815 1047 2879 leviter
1075 2833 1288 2877 curare
1317 2811 1563 2875 videtur

11 3259 120 3296 ’W
187 3245 534 3308 §Pacuvius
563 3244 724 3307 docti
751 3243 972 3306 famam
1001 3242 1181 3321 seniS,
1213 3231 1347 3306 Aet
1452 3241 1581 3320 alti,
1640 3287 1728 3326 u„
1776 3279 1788 3307 ι

11 3397 48 3431 ²3

231 2901 376 3009 Quq
395 2901 683 3002 promissa
713 2901 934 3000 cadant
960 2907 1024 2966 et
1051 2899 1279 2964 somnia
1307 2896 1715 2998 Pythagorea.

231 2979 504 3052 Naevfus
532 2987 595 3050 in
624 2987 896 3050 mambus
924 3007 1044 3050 non
1073 2993 1166 3049 est
1195 2992 1260 3048 et
1285 2985 1585 3048 mentibus
1613 2985 1825 3047 haeret

233 3068 398 3137 Pen'e
429 3093 642 3136 recens
665 3071 890 3139 {Adeo
919 3079 1194 3136 sanctum
1223 3078 1316 3134 est
1346 3078 1521 3134 vetus
1548 3091 1719 3133 omne
1750 3073 1985 3154 p05ma.

229 3159 577 3262 Amhiggtur
607 3157 880 3242 quotiens
908 3165 1049 3220 uter
1076 3163 1216 3220 utro
1243 3156 1325 3219 sit
1427 3156 1535 3232 ior,
1568 3157 1783 3232 aufert⁴

1744 3305 1754 3320 ⁴·
1786 3307 1795 3324 1

233 3330 473 3394 Dicitur
501 3329 721 3392 Afrani
751 3337 894 3411 toga
923 3327 1270 3392 convenisse
1306 3327 1670 3405 Menandro,

233 3415 486 3480 Plautus
517 3415 596 3477 ad
626 3416 932 3506 exemplar
961 3412 1149 3477 Siculi
1179 3434 1499 3496 properare
1532 3392 1900 3494 Epicharmi,
1928 3385 1945 3410 ’Δ
1990 3436 1995 3447 ·

9 3512 46 3587 ᾖ,
83 3520 86 3531 ·
117 3496 168 3558 τ’(
233 3501 499 3564 Vincere
531 3475 829 3571 Caecilius
860 3500 1180 3583 gravitate,
1211 3499 1529 3561 Terentius
1558 3504 1711 3559 arte.

9 3849 25 3888 ἲ

231 3586 365 3651 Hos
395 3586 608 3649 ediscit
637 3594 700 3648 et
727 3587 834 3649 hos
865 3592 996 3649 arto
1024 3585 1246 3668 stipata
1272 3585 1511 3647 theatro

237 3669 489 3755 Spectat
518 3671 714 3734 Roma
740 3679 978 3755 potens;
997 3670 1180 3734 habet
1206 3670 1314 3732 hos
1343 3670 1739 3748 numeratque
1769 3665 1977 3750 poetas

230 3757 337 3822 Ad
365 3764 635 3822 nostrum
664 3763 902 3842 tempus
931 3755 1068 3820 Livi
1092 3754 1398 3858 scriptpris
1426 3752 1502 3818 ab
1542 3772 1713 3816 aevo.

1342 3871 1349 3878 .
1392 3873 1430 3902 ,ι
1464 3865 1525 3904 ἃ,

2184 241 2305 306 211
2335 331 2339 336 .

2244 1891 2309 1940 4⁰

2242 2321 2309 2370 45
