2675 4409
350 231 475 330 88‘

1210 274 1559 323 cARMINUM

857 429 1188 513 Utcunque
1219 428 1497 493 defecere
1527 449 1724 504 mores

943 516 1308 579 Indecorant
1335 516 1489 578 bene
1520 523 1664 578 nata
1691 516 1926 599 culpae.

769 601 930 677 Quid
959 601 1204 674 debeas⁹
1233 601 1513 679 o0Roma‚
1542 601 1908 680 Neronibus,

769 688 964 752 Testis
994 686 1341 750 Metaurum
1369 687 1590 749 flumen
1642 694 1706 749 et
1735 686 2083 752 Hasdrubal

851 773 1146 838 Devictus
1193 780 1258 835 et
1284 772 1535 856 pulcher
1565 772 1789 854 fugatis

941 859 1056 920 Ille
1088 858 1216 920 dies
1246 857 1419 920 Latio
1450 857 1711 920 tenebris

765 943 884 1018 Qui
914 942 1137 1026 primus
1167 944 1325 1005 alma
1354 943 1485 1006 risit
1510 941 1755 1019 adorea,

766 1030 954 1095 Dirus
983 1049 1092 1111 per
1119 1029 1300 1090 urbes
1327 1028 1487 1090 Afer
1514 1036 1585 1089 ut
1624 1027 1815 1090 Italas

854 1113 984 1177 Ceu
1011 1114 1250 1176 flamma
1277 1133 1389 1196 per
1416 1113 1627 1176 taedas
1658 1115 1752 1176 vel
1785 1112 1987 1176 Eurus

939 1199 1063 1262 Per
1094 1197 1327 1261 Siculas
1358 1198 1647 1281 equitavit
1684 1197 1899 1262 undas.

766 1283 918 1348 Post
943 1285 1056 1348 hoc
1085 1283 1367 1347 secundis
1393 1305 1583 1366 usque
1612 1284 1915 1348 laboribus

766 1369 1040 1434 Romana
1067 1369 1257 1453 pubes
1295 1369 1490 1433 crevit
1538 1376 1603 1432 et
1634 1369 1815 1452 impio

849 1455 1108 1520 Vastata
1138 1454 1479 1518 Poenorum
1506 1456 1770 1518 tumultu

933 1539 1104 1603 Fana
1132 1539 1277 1602 deos
1305 1539 1569 1604 habuere
1599 1549 1845 1610 rectos3

759 1623 1052 1708 Dixitque
1083 1623 1326 1688 tandem
1354 1624 1619 1708 perfidus
1648 1624 1993 1690 Hannibal.

761 1710 942 1775 Cervi
992 1710 1266 1792 luporum
1300 1709 1527 1794 praeda
1558 1710 1865 1794 rapacium

847 1795 1166 1861 Sectamur
1193 1796 1352 1858 ultro
1404 1817 1553 1880 quos
1581 1798 1811 1880 opimus

927 1881 1166 1944 Fallere
1197 1888 1261 1944 et
1291 1882 1555 1964 effugere
1586 1890 1679 1945 est
1708 1880 2064 1966 triumphus.

758 1965 925 2031 Gens
977 1981 1134 2051 quae
1165 1975 1429 2030 cremato
1458 1967 1627 2030 fortis
1658 1966 1733 2030 ab
1762 1966 1879 2030 Ilio

754 2051 800 2116 J
803 2059 1005 2116 actata
1035 2052 1246 2115 Tuscis
1275 2052 1631 2136 aequoribus
1681 2073 1857 2116 sacra

841 2138 1157 2220 Natosque
1187 2146 1571 2222 maturosque
1603 2147 1807 2221 patres

928 2224 1192 2287 Pertulit
1217 2224 1521 2287 Ausonias
1552 2223 1629 2286 ad
1658 2223 1862 2303 urbes,

755 2309 942 2375 Duris
971 2317 1053 2373 ut·
1071 2310 1190 2372 ilex
1219 2315 1393 2372 tonsa
1418 2308 1773 2392 bipennibus

750 2397 981 2478 Nigrae
1011 2395 1199 2457 feraci
1229 2395 1454 2458 frondis
1482 2393 1544 2456 in
1570 2394 1820 2476 Algido,

837 2481 961 2544 Per
987 2479 1228 2559 damna,
1259 2501 1369 2563 per
1399 2478 1638 2558 caedes,
1668 2478 1745 2542 ab
1773 2478 1903 2561 ipso

918 2564 1109 2629 Ducit
1135 2585 1279 2648 opes
1309 2564 1689 2647 animumque
1717 2565 1902 2627 ferro.

756 2649 900 2715 Non
949 2649 1149 2734 hydra
1175 2657 1341 2714 secto
1371 2670 1617 2734 corpore
1646 2649 1873 2713 firmior
1906 2657 1921 2666 “

748 2735 932 2803 Vinci
961 2736 1263 2800 dolentem
1291 2736 1486 2799 crevit
1512 2734 1575 2798 in
1604 2735 1958 2815 Herculem,

834 2821 1248 2886 Monstrumve
1278 2821 1605 2885 submisere
1638 2820 1847 2885 Colchi

911 2906 1116 2971 Maius
1147 2906 1551 2970 Echioniaeve
1581 2906 1846 2969 Thebae.

746 2988 982 3054 Merses
1011 2990 1326 3074 profunde,
1358 2990 1662 3074 pulchrior
1692 2988 1938 3053 evenite

749 3074 1033 3151 Luctere‚
1063 3077 1250 3138 multa
1279 3083 1527 3158 proruet
1554 3075 1857 3157 integrum

834 3158 988 3223 Cum
1017 3160 1194 3222 laude
1226 3160 1513 3222 victorem
1567 3169 1857 3244 geretque

915 3245 1153 3307 Proelia
1181 3245 1532 3328 conjugibus
1560 3246 1878 3328 loquenda.

733 3327 1147 3412 Karthagini
1118 3351 1248 3413 jam
1276 3351 1397 3392 non
1426 3351 1541 3414 ego
1568 3333 1809 3396 nuntios

744 3413 990 3476 Mittam
1020 3416 1347 3498 superbos.
1438 3416 1679 3492 occidit,
1716 3417 1935 3481 occilit

833 3497 988 3583 Spes
1016 3500 1204 3564 omnis
1236 3508 1300 3564 et
1327 3501 1569 3564 fortuna.
1596 3503 1782 3565 nostri

916 3585 1191 3650 Nominis
1244 3587 1626 3650 Hasdrubale
1658 3588 2034 3669 interempto.

742 3668 850 3732 Nil
881 3670 1168 3735 Claudiae
1197 3694 1315 3735 non
1346 3673 1657 3756 perficient
1684 3693 1915 3749 manus,

747 3753 911 3828 Quas
940 3764 1003 3820 et
1026 3758 1284 3841 benigno
1312 3759 1554 3820 numine
1584 3757 1873 3842 Jupp1ter

2353 879 2421 929 40

2222 1338 2227 1342 -
2348 1303 2419 1352 ⁴5

2330 3435 2391 3484 ⁷0
