2675 4409
899 279 1029 326 ΠΒ.
1075 281 1153 328 11.
1202 282 1401 329 CARM.
1448 283 1592 330 XIV.

644 434 888 498 Poenus
915 436 1316 518 perhorrescit
1368 457 1565 520 neque
1594 437 1759 501 ultra

728 518 932 583 Caeca
959 521 1130 583 timet
1159 522 1399 586 aliunde
1430 523 1589 600 fata,-

552 603 734 668 Miles
763 605 1018 687 sagittas
1049 614 1114 670 et
1141 608 1400 670 celerem
1428 608 1636 688 fugam

549 690 788 771 Parthi,
847 697 1092 754 catenas
1123 692 1389 755 Parthus
1418 699 1482 755 et
1510 693 1733 756 Italum

639 777 888 853 Robur3
934 777 1042 840 sed
1069 778 1393 862 improvisa
1419 777 1527 840 leti
1560 805 1567 813 ’

720 862 838 927 Vis
867 863 1068 945 rapuit
1093 863 1411 947 rapietque
1441 868 1681 946 gentes,

554 946 750 1020 Quam
779 968 970 1030 paene
998 949 1209 1014 furvae
1240 969 1433 1031 regna
1460 948 1857 1034 Proserpinae

557 1031 642 1096 Et
673 1033 1034 1096 ‘udicantem
1061 1035 1314 1103 vidimus
1346 1035 1623 1098 Aeaeum

644 1056 954 1202 §adeoque
985 1119 1276 1183 discretas
1303 1117 1535 1204 piorum
1588 1126 1653 1183 et

723 1203 952 1267 Aeoliis
979 1205 1196 1268 fidibus
1225 1211 1583 1288 querentem

561 1285 804 1372 Sappho
831 1290 1044 1372 puellis
1075 1289 1152 1352 de
1183 1290 1589 1372 popularibus,

552 1371 638 1438 Et
664 1379 726 1436 te
758 1383 1067 1437 sonantem
1097 1374 1330 1459 plenius
1362 1383 1568 1453 auree,

633 1458 890 1538 Aleuae,
919 1461 1148 1542 plectro
1177 1459 1334 1522 dura
1359 1459 1551 1537 navis,

724 1544 900 1608 Dura
924 1545 1108 1628 fugae
1137 1546 1318 1624 mala,
1350 1545 1504 1608 dura
1530 1541 1707 1610 belli!

549 1626 894 1712 Utrumque
925 1651 1096 1694 sacro
1127 1631 1312 1712 digna
1340 1628 1575 1694 silentio

547 1713 856 1779 Mirantur
901 1716 1147 1779 umbrae
1179 1716 1417 1792 dicere3
1460 1715 1571 1778 sed
1596 1713 1788 1800 magis

636 1798 886 1882 Pugnas
915 1808 980 1864 et
1007 1808 1249 1864 exactos
1275 1807 1565 1884 tyrannos

722 1884 1000 1971 Densum
1024 1885 1286 1966 humeris
1315 1885 1465 1971 bibit
1492 1906 1638 1949 aure
1664 1883 1904 1968 volgus.

553 1967 713 2043 Quid
736 1971 976 2050 mirum,
1003 1961 1114 2034 ubi
1134 1971 1250 2034 illis
1281 1971 1641 2034 carminibus
1666 1976 1915 2055 stupens

549 2053 832 2119 Demittit
859 2063 1024 2120 atras
1050 2057 1230 2120 belua
1279 2056 1585 2141 centiceps

632 2140 840 2205 Aures
893 2148 958 2204 et
984 2141 1190 2204 intorti
1219 2141 1447 2226 capillis

722 2225 1126 2290 Eumenidum
1155 2233 1509 2290 reereantur
1536 2222 1814 2308 angues?

552 2307 714 2384 Quin
741 2318 804 2375 et
831 2311 1230 2375 Prometheus
1259 2318 1324 2375 et
1351 2311 1593 2394 Pelopis
1621 2330 1841 2396 parens

549 2395 733 2460 Dulci
758 2398 1028 2461 laborum
1057 2396 1355 2482 decipitur
1386 2417 1569 2480 sou03

539 2541 544 2546 .
641 2481 709 2547 N
710 2503 779 2546 ec
811 2489 985 2547 curat
1016 2481 1204 2546 Orion
1231 2483 1435 2546 leones

719 2568 855 2633 Aut
881 2567 1116 2633 timidos
1147 2567 1380 2652 agitare
1409 2563 1689 2666 lyncas..)

872 2984 1330 3051 OARMEN
1389 2984 1623 3052 XIV.

636 3326 826 3392 Eum]
878 3326 1155 3411 fugaces,
1210 3327 1520 3407 Postume,
1549 3327 1858 3409 Postume,

636 3412 955 3476 Labuntur
983 3413 1144 3491 anni,
1173 3434 1286 3476 nec
1316 3414 1511 3496 pietas
1537 3436 1765 3478 moram

723 3497 920 3580 Rugis
949 3505 1014 3562 et
1039 3499 1286 3561 instanti
1314 3506 1595 3564 senectae

808 3583 1048 3647 Afferet
1097 3583 1539 3668 indomitaeque
1572 3583 1777 3662 morti,
1794 3621 1885 3631 —

639 3665 807 3745 Non,
837 3668 889 3732 si
919 3669 1198 3744 trecenis,
1227 3677 1521 3752 quotquot
1548 3678 1695 3734 eunt
1723 3670 1877 3752 dies,

636 3753 880 3835 Amice,
909 3755 1111 3838 places
1137 3755 1631 3820 illacrumabilem

2206 264 2295 329 43

2232 455 2295 506 15

2220 2587 2285 2637 40
