2675 4409
342 222 428 289 72

1205 240 1555 287 CARMINUM

679 392 955 472 Interim,
985 391 1129 456 dum
1157 398 1226 456 tu
1256 393 1485 457 celeres
1513 393 1764 476 sagittas

677 477 934 557 PromiS,
956 478 1106 541 haec
1138 478 1351 542 dentes
1380 478 1545 541 acuit
1573 477 1890 559 timendoe,

684 562 940 628 Arbiter
966 584 1205 648 pugnae
1234 564 1501 647 posuisse
1531 564 1693 628 nudo

1027 646 1156 713 Sub
1186 650 1340 733 pede
1373 650 1629 732 palmam

682 731 929 813 Fertur,
961 740 1025 796 et
1052 733 1172 797 leni
1199 754 1479 797 recreare
1508 741 1689 797 vento

685 816 974 901 Sparsum
1003 818 1264 882 odoratis
1291 820 1607 883 humerum
1637 818 1892 903 capillis,-

684 901 892 977 Qualis
921 911 1028 968 aut
1058 904 1284 967 Nireus
1311 904 1434 967 fuit
1474 912 1585 967 aut
1614 924 1841 988 aquosa

1021 989 1261 1073 Raptus
1285 990 1365 1056 ab
1394 988 1529 1053 Ida.

990 1407 1450 1475 GARMEN
1501 1409 1755 1477 XXI.

686 1746 742 1814 Ο
772 1766 946 1813 NATA
971 1768 1208 1814 mecum
1238 1749 1480 1814 consule
1510 1750 1761 1831 Manlio,

687 1834 814 1901 Seu
843 1841 914 1899 tu
939 1837 1218 1919 querelas
1269 1835 1395 1899 sive
1426 1838 1589 1919 geris
1602 1837 1772 1921 jocos

771 1919 896 1986 Seu
924 1921 1115 1985 rixam
1137 1928 1201 1984 et
1228 1919 1466 1985 insanos
1496 1942 1725 1985 amores

858 2004 984 2070 Seu
1010 2007 1270 2085 facilem,
1300 2007 1400 2089 pia
1450 2014 1629 2083 testa,
1659 2027 1957 2085 somnum,

686 2090 1060 2175 Quocunque
1090 2092 1314 2155 lectum
1344 2092 1581 2155 nomine
1610 2091 1941 2157 Massicum

687 2177 930 2257 Servas,
958 2177 1184 2241 moveri
1213 2176 1397 2259 digna
1422 2172 1577 2240 bono
1606 2176 1727 2257 die,

767 2263 1112 2342 Descende,
1143 2260 1402 2325 Corvino
1422 2262 1675 2345 jubente

852 2348 1138 2411 Promerc
1167 2347 1541 2428 languidiora
1568 2348 1729 2410 vina.

679 2431 747 2496 N
747 2454 825 2495 on
852 2432 974 2508 ille,
1004 2452 1368 2515 quamquam
1400 2430 1721 2494 Socraticis
1750 2431 1957 2497 madet

687 2516 1094 2594 Semonibus,
1124 2523 1185 2579 te
1215 2516 1498 2598 negleget
1514 2515 1833 2581 horridus:

770 2600 1076 2665 Narratur
1103 2608 1169 2664 et
1195 2600 1376 2683 prisci
1406 2601 1650 2665 Catonis

860 2684 1056 2771 Saepe
1085 2708 1250 2750 mero
1279 2686 1532 2750 caluisse
1562 2686 1773 2751 virtus.

681 2772 778 2837 'ru
803 2772 940 2837 lenc
969 2779 1330 2838 tormentum
1356 2769 1599 2855 ingenio
1626 2773 1909 2837 admoves

682 2857 1049 2942 Plerumque
1081 2858 1231 2921 duro
1257 2877 1274 2934 ;
1320 2867 1390 2920 tu
1417 2857 1777 2940 sapientium

775 2943 969 3008 Curas
999 2950 1061 3006 et
1090 2964 1379 3007 arcanum
1398 2943 1603 3025 jocoso

859 3028 1185 3092 Consilium
1213 3027 1439 3108 retegis
1469 3026 1671 3109 Lyaeo
1699 3044 1716 3102 3

687 3111 784 3176 'I'u
811 3133 978 3197 spem
1007 3113 1247 3176 reducis
1273 3111 1571 3173 mentibus
1600 3109 1790 3173 anxiis

685 3198 1010 3282 viresque,
1042 3206 1106 3260 et
1135 3196 1308 3259 addis
1337 3216 1562 3258 cornua
1589 3194 1861 3279 pauperi,

774 3281 923 3346 Post
951 3289 1012 3345 te
1040 3284 1246 3365 neque'
1267 3280 1449 3343 iratos
1480 3281 1760 3344 trementi

858 3367 1097 3449 Regum
1127 3367 1328 3450 apices
1378 3387 1575 3449 neque
1605 3367 1857 3429 militum
1886 3387 2073 3431 arma.

689 3452 780 3516 Te
807 3450 992 3516 Liber
1044 3459 1130 3532 et,
1152 3453 1204 3515 si
1232 3452 1396 3515 laeta
1424 3452 1640 3530 aderit,
1671 3452 1885 3518 Venus

693 3536 1045 3621 Segnesque
1075 3538 1296 3601 nodum
1324 3538 1557 3601 solvere
1590 3537 1839 3602 Gratiae

777 3623 1092 3707 Vivaeque
1121 3624 1457 3707 producent
1483 3625 1791 3699 lucernae,

859 3708 1023 3772 Dum
1051 3709 1290 3773 rediens
1318 3709 1495 3791 fugat
1522 3716 1686 3771 astra
1713 3706 2015 3772 Phoebus,

2358 499 2421 551 10

2360 924 2425 975 15

2360 2542 2424 2593 1⁰

2359 2963 2423 3015 15
