2675 4409
245 226 372 293 160
1109 239 1481 288 summum

244 397 504 483 Rejecta
531 395 763 481 praeda
792 415 975 480 quam
1002 415 1291 480 praesens
1318 393 1668 462 Mercurius
1696 393 1866 460 fert?

248 485 461 550 Scribe
494 484 707 547 decem
737 481 963 558 Neri03
1005 503 1127 544 non
1158 489 1251 545 est
1280 483 1458 545 satis:
1507 481 1664 546 adde
1700 481 1952 546 Cicutae

245 571 484 636 Nodosi
518 570 753 632 tabulas
784 575 1052 646 centum,
1083 568 1245 632 mille
1276 569 1435 632 adde
1467 576 1744 632 catenas:

248 657 521 740 Effugiet
553 663 755 719 tamen
784 656 935 718 haec
968 655 1299 718 sceleratus
1330 655 1572 718 vincula
1601 655 1877 718 Proteus.

248 743 406 808 Cum
433 743 632 826 rapies
662 743 725 805 in
744 743 849 826 jus
879 741 1051 804 malis
1080 741 1378 804 ridentem
1409 741 1640 820 alienia,

244 831 386 894 Fiet
416 851 584 913 aper,
615 829 790 892 modo
820 828 971 906 aviS,
1001 828 1179 892 modo
1207 849 1419 890 saxum
1451 833 1514 890 et
1543 847 1682 890 cum
1710 828 1874 890 volet
1903 827 2101 892 arbor.-

154 932 158 937 ’
250 915 318 980 Si
349 917 503 978 male
536 937 664 979 rem
696 936 909 998 gerere
939 914 1135 977 insani
1166 922 1283 992 est,
1314 922 1528 976 contra
1557 913 1710 976 bene
1743 915 1896 994 sani3

246 1003 529 1067 Putidius
559 1003 747 1065 multo
778 1001 1093 1064 cerebrum
1124 1008 1219 1062 est
1247 1000 1394 1063 mihi
1423 999 1630 1078 crede,
1664 999 1894 1082 Perilli,

245 1088 551 1153 Dictantis
580 1088 743 1173 quod
775 1095 841 1150 tu
870 1107 1180 1170 nunquam
1209 1086 1543 1151 rescribere
1575 1087 1788 1170 possis.

245 1176 484 1240 Audire
516 1183 701 1260 atque
733 1182 936 1258 togam
954 1174 1142 1258 jubeo
1173 1179 1554 1256 componere,
1585 1174 1858 1259 quisquis

245 1262 595 1326 Ambitione
625 1262 786 1325 mala
814 1266 923 1326 aut
952 1261 1190 1344 argenti
1221 1261 1410 1345 pallet
1439 1282 1666 1342 amore,

248 1348 535 1434 Quisquis
562 1350 804 1412 luxuria
832 1347 1064 1411 tristive
1096 1348 1520 1430 superstitione

245 1435 383 1499 Aut
417 1437 531 1499 alio
562 1435 777 1498 mentis
808 1434 1015 1497 morbo
1044 1435 1237 1510 calet3
1284 1435 1403 1496 huc
1434 1433 1678 1516 propius
1705 1455 1829 1515 me,

244 1519 411 1584 Dum
442 1522 629 1584 doceo
658 1520 919 1584 insanire
952 1541 1179 1599 omnes»,
1211 1541 1317 1582 vos
1348 1519 1557 1582 ordine
1590 1519 1773 1591 adite.

244 1605 469 1670 Danda
498 1613 593 1668 est
623 1605 870 1668 ellebori
898 1605 1087 1667 multo
1117 1625 1259 1687 pars
1286 1604 1547 1667 maxima
1576 1606 1808 1681 avaris;

244 1691 471 1756 Nescio
502 1713 582 1754 an
611 1692 975 1774 Anticyram
1004 1690 1159 1753 ratio
1186 1690 1304 1752 illis
1336 1689 1600 1752 destinet
1631 1711 1888 1754 omnem.

244 1777 529 1840 Heredes
564 1776 805 1840 Staberi
834 1795 1128 1840 summam
1156 1775 1426 1838 incidere
1455 1777 1763 1858 sepulcro:

243 1863 331 1927 Ni
360 1864 448 1926 sic
479 1864 767 1932 fecissent
797 1862 1195 1945 gladiatorum
1225 1862 1373 1924 dare
1405 1869 1650 1924 centum

242 1950 531 2013 Damnati
563 1950 781 2034 populo
814 1949 982 2031 paria
1011 1957 1195 2032 atque
1228 1949 1473 2031 epulum
1505 1948 1750 2012 arbitrio
1779 1948 1951 2030 Arri,

242 2036 559 2100 Frumenti
589 2042 881 2118 quantum
911 2036 1086 2098 metit
1113 2035 1350 2098 Africa.
1449 2033 1592 2098 Sive
1617 2056 1730 2118 ego
1760 2057 1946 2119 prave

248 2121 372 2186 Seu
402 2130 569 2186 recte
600 2123 712 2186 hoc
744 2123 926 2200 volui,
956 2143 1033 2186 ne
1065 2122 1145 2185 sis
1178 2117 1429 2205 patruus
1455 2119 1622 2185 mihi.
1717 2121 1916 2193 Credo

243 2208 382 2272 Hoc
418 2207 659 2273 Staberi
688 2209 1049 2293 prudentem
1079 2209 1343 2272 animum
1373 2208 1611 2272 vidisse.
1705 2208 1868 2283 Quid
1897 2233 2043 2298 ergo

247 2295 453 2359 Sensit
482 2317 621 2359 cum
650 2317 942 2360 summam
974 2296 1292 2379 patrimoni
1321 2296 1668 2379 insculpere
1696 2318 1840 2363 saxo

174 2381 181 2388 ’
242 2381 526 2460 Heredes
558 2381 786 2446 voluit?
877 2381 1093 2456 Quoad
1125 2383 1566 2446 vixit'credidit
1592 2383 1810 2466 ingens

242 2468 609 2553 Pauperiem
638 2469 850 2531 vitium
882 2475 945 2532 et
974 2469 1137 2532 cavit
1166 2470 1314 2532 nihil
1349 2469 1570 2549 acrius,
1601 2478 1672 2532 ut
1700 2469 1753 2532 si

242 2556 429 2620 Forte
460 2556 655 2619 minus
675 2555 953 2639 locuples
982 2577 1101 2618 uno
1134 2556 1474 2640 quadrante
1506 2556 1764 2640 perisset

245 2642 391 2725 Ipse
425 2643 735 2706 videretur
764 2643 875 2706 sibi
903 2643 1193 2728 nequior:
1244 2644 1434 2708 omnis
1465 2643 1627 2706 enim
1659 2663 1780 2723 re&

244 2728 487 2808 Virtus,
516 2729 700 2808 fama,
731 2729 949 2809 decus‚'
972 2729 1179 2794 divina
1207 2731 1589 2814 humanaque
1620 2729 1889 2814 pulchris

244 2813 489 2879 Divitiis
521 2822 771 2900 parent3
817 2837 969 2899 quas
1000 2817 1104 2900 qui
1136 2817 1544 2881 construxerit
1571 2817 1672 2880 ille

247 2900 464 2965 Clarus
495 2902 632 2980 erit,
662 2902 856 2980 sortiS‚
877 2903 1103 2986 justus,
1202 2902 1582 2986 Sapiensne?
1671 2903 1898 2982 Etiam,
1931 2908 1994 2967 et
2022 2924 2154 2981 rex,

246 2986 333 3050 Et
360 2987 657 3071 quidquid
687 2988 865 3052 volet.
954 2987 1091 3049 Hoc
1124 2987 1313 3050 veluti
1345 2990 1568 3072 virtute
1601 2995 1882 3068 paratum

250 3073 533 3156 Speravit
561 3093 818 3154 magnae
848 3072 1015 3134 laudi
1044 3072 1191 3134 fore.
1284 3071 1447 3144 Quid
1476 3072 1666 3135 simile
1695 3072 1800 3136 isti

250 3158 523 3223 Graecus
554 3155 945 3240 Aristippus?
992 3157 1096 3239 qui
1126 3178 1332 3220 servos
1364 3158 1657 3241 projicere
1690 3179 1904 3223 aurum

250 3243 324 3310 In
355 3243 553 3306 media
574 3243 758 3326 jussit
788 3242 1004 3325 Libya,
1037 3242 1177 3324 quia
1208 3243 1442 3306 tardius
1472 3245 1630 3306 irent

248 3329 512 3414 Propter
540 3350 689 3392 onus
717 3348 955 3412 segnes
1049 3327 1211 3391 Uter
1241 3337 1336 3391 est
1365 3329 1629 3392 insanior
1657 3331 1922 3395 horum?

247 3417 355 3481 Nil
388 3417 517 3498 agit
546 3412 902 3499 exemplum,
934 3414 1099 3478 litem
1126 3415 1287 3498 quod
1309 3415 1415 3478 lite
1447 3417 1713 3480 resolvit.

252 3504 319 3570 Si
350 3504 488 3589 quis
518 3511 682 3566 emat
706 3503 992 3581 citharaS,
1024 3512 1261 3585 emptas
1292 3509 1627 3586 comportet
1655 3505 1719 3566 in
1750 3527 1962 3586 unum,

248 3590 387 3657 Nec
418 3589 618 3656 studio
649 3590 915 3654 citharae
945 3611 1060 3653 nec
1092 3589 1309 3653 Musae
1343 3589 1582 3652 deditus
1613 3592 1759 3668 ulli;

253 3677 323 3742 Si
350 3679 591 3762 scalpra
618 3685 685 3741 et
712 3677 935 3741 formas
965 3698 1084 3739 non
1114 3683 1304 3756 sutor,
1333 3676 1590 3739 nautica·
1609 3679 1746 3745 vela

251 3765 529 3831 Aversus
558 3763 957 3831 merca-turis:
1006 3763 1234 3830 delirus
1265 3769 1330 3830 et
1365 3784 1572 3828 amens

2175 1019 2345 1068 ·'75

2254 3184 2344 3232 100
