2675 4409
923 332 1056 378 LIB.
1102 331 1208 380 ΠΙ.
1255 333 1455 380 ΟΔΒΜ.
1506 333 1654 380 VIII.

609 483 875 569 Gygen.
853 483 882 532 Ῥ
967 485 1083 549 Ille
1112 485 1292 550 Notis
1321 492 1491 550 actus
1520 486 1599 551 ad
1631 485 1879 552 Oricum

602 571 796 634 Post
780 591 992 634 msana
1025 571 1259 668 Caprae
1289 571 1489 635 sidera
1538 573 1787 656 frigidas

688 655 920 719 Noctes
948 677 1068 718 non
1098 655 1226 718 sine
1257 657 1461 720 multis

775 741 1072 804 Insomnis
1099 741 1365 804 lacrimis
1412 741 1561 823 agit.

601 825 798 909 Atqui
827 827 1114 889 sollicitae
1145 825 1391 890 nuntius
1418 826 1711 910 hospitae,

605 910 921 994 Suspirare
953 911 1186 974 Chloen
1237 917 1302 974 et
1329 911 1609 976 miseram
1638 911 1759 976 tuis

689 997 914 1060 Dicens
942 997 1180 1080 ignibus
1207 997 1324 1075 uri,

775 1081 997 1144 Tentat
1023 1083 1183 1144 mille
1213 1083 1385 1145 vafer
1410 1081 1622 1146 modis.

603 1163 696 1230 Ut
723 1165 1010 1230 Proetum
1037 1168 1252 1230 mulier
1279 1168 1511 1250 perfida
1542 1168 1857 1231 credulum

602 1251 795 1315 Falsis
823 1252 1126 1334 impulerit
1155 1253 1499 1316 criminibus
1527 1253 1703 1317 nimis

691 1336 873 1401 Casto
901 1337 1352 1421 Bellerophonti

774 1421 1087 1486 Maturare
1118 1443 1347 1496 necem,
1361 1420 1569 1484 refert.

602 1506 834 1571 Narrat
862 1529 1054 1590 paene
1084 1508 1291 1571 datum
1320 1507 1511 1570 Pelea
1537 1505 1812 1584 Tartaro,

600 1591 989 1674 Magnessam
1017 1593 1391 1676 Hippolyten
1421 1592 1564 1656 dum
1591 1591 1751 1675 fugit
1778 1589 2082 1656 abstinens
2106 1608 2126 1670 3

644 1749 654 1761 ¹
688 1678 774 1741 Et
803 1699 1054 1761 peccare
1085 1679 1369 1741 docentes

771 1763 984 1826 Fallax
1011 1763 1288 1826 historias
1314 1767 1536 1826 movet.

601 1847 894 1911 Frustra:
941 1870 1080 1911 nam
1109 1849 1365 1931 scopulis
1392 1847 1628 1912 surdior
1654 1845 1819 1910 Icari

599 1933 802 1999 Voces
832 1934 1003 1996 audit
1029 1934 1225 1996 adhuc
1255 1933 1512 2016 integer.
1602 1933 1693 1996 At
1722 1932 1831 1996 tibi

613 2018 786 2083 Ne
817 2019 1046 2082 vicinus
1075 2018 1345 2102 Enipeus

553 2161 574 2176 ,
772 2103 920 2166 Plus
942 2105 1109 2188 justo
1153 2106 1389 2188 placeat
1440 2121 1633 2179 cave3

603 2185 890 2263 Quamvis
918 2211 1038 2252 non
1067 2189 1218 2252 alius
1245 2189 1489 2250 flectere
1520 2209 1739 2270 equum
1766 2187 1963 2252 sciens

599 2274 820 2356 Aeque
850 2274 1212 2356 conspicitur
1239 2273 1507 2356 gramine
1538 2273 1784 2354 Martio,

683 2359 822 2424 Nec
852 2359 1166 2442 quisquam
1195 2359 1349 2422 citus
1378 2379 1570 2442 aeque

772 2444 968 2507 Tusco
998 2443 1248 2507 denatat
1275 2445 1466 2506 alveo·

600 2528 808 2592 Prima
832 2536 1009 2592 nocte
1039 2530 1280 2592 domum
1312 2529 1526 2591 claude
1577 2547 1775 2610 neque
1802 2524 1867 2590 in
1896 2522 2027 2590 vias

605 2612 732 2679 Sub
763 2620 944 2676 cantu
973 2614 1260 2698 querulae
1290 2614 1533 2698 despice
1562 2613 1768 2692 tibiae,

689 2699 776 2762 Et
804 2705 866 2762 te
896 2719 1075 2782 saepe
1106 2698 1344 2761 vocanti

767 2783 1002 2848 Duram
1031 2783 1283 2848 difficilis
1313 2801 1513 2844 mane.

902 3207 1356 3274 GARMEN
1431 3208 1690 3274 VIII.

596 3549 888 3614 MARms
919 3551 1154 3614 caelebs
1184 3551 1328 3633 quid
1358 3571 1535 3633 agam
1564 3548 1884 3630 Kalenditt,

600 3634 760 3707 Quid
787 3636 978 3700 velint
1003 3636 1188 3698 flores
1208 3643 1271 3697 et
1299 3657 1511 3698 acerra
1541 3635 1734 3698 thuris

597 3717 790 3784 Plena
839 3721 1095 3800 mirari&
1125 3720 1471 3804 positusque
1501 3719 1681 3784 carbo
1730 3719 1796 3782 in

941 3805 1225 3891 Caespite
1256 3808 1417 3890 vivo,

2260 317 2341 380 61

2278 933 2338 982 10

2276 1354 2339 1402 15
