2675 4409
306 241 392 305 24
1169 261 1517 306 camimum

472 411 566 475 At
587 418 678 489 tu,
706 419 913 491 nauta,
944 433 1136 494 vagae
1165 432 1243 474 ne
1274 430 1455 495 parce
1484 384 1783 498 malignus
1813 435 2033 479 arenae

563 496 813 560 Ossibus
844 505 907 559 et
936 497 1118 580 capiti
1145 497 1454 560 inhumato

473 581 840 645 Particulam
871 582 1053 645 dare:
1143 583 1233 646 sic
1285 583 1686 667 quodcunque
1708 586 2032 650 minabitur
2056 586 2257 653 Eurus
2314 609 2377 658 εξ

555 666 866 730 Fluctibus
896 667 1212 752 Hesperiis
1259 667 1611 732 Venusinae

469 750 825 815 Plectantur
853 753 1037 816 silvae
1089 761 1150 816 te
1181 754 1424 837 sospite,
1452 755 1761 839 multaque
1790 778 2022 822 merces

553 836 736 900 Unde
767 845 965 921 potest
1015 839 1122 902 tibi
1153 838 1379 902 defluat
1416 859 1609 922 aequo

327 921 360 966 ’κ
469 919 573 984 Ab
602 921 757 985 Jove
811 923 1218 1007 Neptunoque
1249 925 1405 986 sacri
1430 923 1679 988 custode
1710 925 1976 990 Tarenti.

553 1006 829 1090 Negligis
857 1009 1166 1071 immeritis
1195 1009 1529 1072 nocituram
2314 1033 2374 1083 30

249 1163 257 1171 ,ι
291 1163 321 1188 Ὦ
467 1091 788 1171 Ροεᾼῑιῑιοὰο
819 1100 881 1156 te
909 1094 1066 1156 natis
1096 1093 1372 1156 fraudem
1400 1095 1823 1160 committere?
1910 1095 2061 1162 Fors
2090 1104 2155 1162 et

262 1178 279 1192 ‘
552 1177 776 1240 Debita
792 1179 936 1262 jura
964 1179 1245 1262 vicesque
1279 1181 1576 1262 superbae

279 1215 310 1356 ξ
464 1261 554 1326 Te
582 1272 865 1326 maneant
890 1265 1120 1348 ipsum:
1174 1265 1449 1348 precibus
1478 1289 1598 1331 non
1625 1266 1864 1352 linquar
1890 1267 2115 1352 inultis,

551 1347 758 1432 Teque
791 1351 1027 1434 piacula
1055 1352 1220 1415 nulla
1254 1352 1576 1416 resolvent.

349 1467 352 1470 ⁴
465 1429 843 1517 Quamquam
872 1436 1119 1500 festinas
1173 1458 1294 1499 non
1323 1443 1417 1500 est
1446 1460 1613 1504 mora
1639 1440 1861 1523 longa3
1904 1435 2111 1500 licebit
2309 1456 2373 1506 35

549 1517 784 1603 Injecto
814 1528 909 1584 ter
936 1522 1184 1606 pulvere
1216 1529 1501 1638 σαι-ταὶ]
1556 1543 1561 1550 ·

910 1943 1372 2010 CARMEN
1428 1944 1748 2010 XXIX.

716 2283 882 2364 1001,
909 2284 1102 2350 beatis
1130 2305 1291 2349 nunc
1320 2285 1593 2350 Arabum
1618 2285 1851 2350 invides

720 2369 921 2448 GaziS‚
952 2376 1015 2433 et
1043 2392 1244 2434 acrem
1272 2373 1541 2434 militiam
1572 2391 1748 2456 paras

801 2454 866 2519 N
868 2477 943 2517 on
973 2463 1112 2519 aute
1143 2456 1394 2519 devictis
1430 2456 1701 2519 Sabaeae

889 2540 1180 2622 Regibus,
1209 2542 1592 2624 horribilique
1624 2539 1808 2603 Medo

711 2624 778 2690 N
781 2626 928 2688 ectis
959 2633 1202 2690 catenas
1229 2626 1255 2689 ’ἓ
1348 2625 1516 2699 Quae
1548 2627 1653 2690 tibi
1680 2623 2000 2708 virginum,
2325 2644 2359 2695 5

719 2710 950 2796 Sponso
977 2721 1192 2776 necato
1243 2712 1503 2776 barbara
1530 2711 1800 2776 serviet?

793 2797 961 2861 Puer
989 2798 1121 2881 quis
1151 2821 1227 2862 ex
1256 2799 1396 2862 aula
1424 2799 1653 2882 capillis

880 2882 985 2946 Ad
1015 2885 1301 2966 cyathum
1335 2891 1638 2946 statuetur
1670 2881 1889 2959 unctis,

712 2967 946 3031 Doctus
975 2969 1225 3048 sagittas
1253 2968 1505 3029 tendere
1540 2966 1777 3029 Sericas

708 3052 885 3115 Arcu
915 3050 1212 3134 paterno?
1301 3049 1451 3122 Quis
1480 3058 1664 3131 neget
1691 3046 1894 3110 arduis
2302 3068 2358 3120 10

795 3136 1027 3199 Pronos
1056 3135 1245 3196 relabi
1273 3155 1444 3217 posse
1474 3133 1633 3196 rivos

883 3219 1192 3281 Montibus
1222 3224 1285 3280 et
1314 3217 1578 3281 Tiberim
1606 3215 1854 3293 reverti,

715 3302 872 3367 Cum
917 3309 985 3365 tu
1039 3307 1349 3388 coe'mptos
1378 3302 1647 3386 undique
1675 3301 1891 3365 nobilis

707 3389 920 3469 Libros
951 3389 1204 3451 Panaeti
1259 3386 1629 3450 Socraticam
1658 3393 1723 3450 et
1750 3386 1990 3450 domum

794 3474 1041 3536 Mutare
1072 3473 1268 3536 loricis
1295 3470 1548 3539 Hiberis
2300 3489 2355 3542 ιε

707 3561 713 3566 ’
881 3558 1190 3624 Pollicitus
1217 3559 1466 3624 meliora
1514 3555 1759 3623 tendis?
