2675 4409
373 267 500 335 122

1158 288 1411 336 EPODON
1454 289 1667 336 LIBER.

705 443 804 528 Inj
807 443 1017 518 uriosis
1049 443 1252 508 aridus
1283 443 1476 506 ventis
1505 443 1668 506 ferar

711 468 888 592 Cales
917 530 1162 592 venenis
1187 529 1423 592 officina
1454 526 1767 592 Colchicis,

708 614 878 688 Quae
909 616 1045 678 finis
1075 622 1182 678 aut
1210 615 1371 697 quod
1398 635 1495 676 me
1528 620 1733 676 manet
1766 613 2177 696 stipendium.
2154 612 2183 660 ’θ

704 699 952 775 Effare3
987 699 1186 785 jussas
1218 722 1355 763 cum
1382 700 1501 762 fide
1534 691 1756 782 poenas
1783 700 1970 779 luam,

708 786 969 848 Paratus
1000 787 1263 868 expiare,
1293 806 1404 848 seu
1433 785 1772 866 poposceris

708 870 1013 934 Centum
985 890 1300 955 JuvencOS,
1331 868 1459 937 sive
1489 868 1769 931 mendaci
1798 870 1937 952 lyra

708 956 896 1019 Voles
926 955 1157 1020 sonari:
1199 955 1294 1016 'su
1321 955 1564 1037 pudica,
1595 961 1663 1017 tu
1694 955 1880 1037 proba

708 1041 1158 1103 Perambulabis
1187 1046 1351 1102 astra
1380 1039 1543 1102 sidus
1572 1061 1843 1102 aureum.

705 1126 955 1188 Infamis
985 1127 1260 1188 Helenae
1292 1124 1509 1188 Castor
1536 1125 1791 1188 offensus
1820 1125 2013 1188 vicem

703 1210 1040 1294 Fraterque
1070 1211 1272 1292 magni
1303 1209 1569 1272 Castoris
1620 1211 1764 1272 victi
1792 1231 1971 1294 prece

707 1296 1019 1382 Adempta
1048 1297 1174 1360 vati
1205 1297 1526 1360 reddidere
1552 1295 1801 1358 lumina.

707 1381 844 1445 Et
824 1403 909 1461 u,
940 1389 1108 1466 potes
1135 1403 1296 1458 nam,
1327 1382 1488 1444 solve
1518 1403 1613 1443 me
1644 1380 1966 1461 dementia,

710 1466 764 1530 O
796 1487 908 1530 nec
939 1467 1204 1566 paternis
1231 1467 1497 1529 obsoleta
1523 1466 1818 1545 sordibu8‚

706 1551 973 1634 Neque’
957 1574 1020 1614 m
1047 1552 1336 1634 sepulcris
1366 1573 1696 1634 pauperum
1726 1551 1987 1634 prudens
2017 1571 2167 1616 anus

702 1635 1110 1699 Novendiales
1139 1637 1426 1719 dissipare
1458 1637 1757 1720 pulveres.

705 1714 842 1784 Tibi
869 1721 1160 1805 hospitale
1191 1729 1403 1805 pectus
1458 1729 1521 1785 et
1549 1741 1735 1805 purae
1766 1742 2001 1807 manus,

703 1807 987 1890 'suusque
1019 1813 1229 1870 venter
1259 1807 1666 1885 Pactumeius,
1696 1813 1761 1870 et
1789 1814 1893 1870 tuo

709 1890 937 1955 Cruore
968 1893 1178 1955 rubros
1206 1894 1495 1956 obstetrix
1521 1913 1765 1975 pannos·
1776 1893 1947 1972 lavit,

704 1976 1035 2060 Utcunque
1064 1978 1235 2042 fortis
1265 1979 1464 2041 exsilis
1493 1997 1811 2061 puerpera.

791 2060 954 2136 Quid
977 2065 1270 2128 obseratis
1289 2065 1536 2128 auribus
1558 2065 1763 2128 fundis
1786 2085 2001 2148 preces
2026 2064 2055 2129 2

711 2150 857 2215 Non
885 2172 1032 2215 saxa
1057 2152 1234 2214 nudis
1267 2152 1539 2214 surdiora
1566 2151 1783 2214 navitis

707 2236 1032 2320 Neptunus
1062 2238 1180 2300 alto
1211 2237 1411 2299 tundit
1436 2237 1721 2299 hibernus
1748 2237 1896 2300 salo.

709 2322 948 2386 Inultus
977 2329 1048 2385 ut
1076 2330 1142 2385 tu
1170 2323 1372 2384 riseris
1404 2321 1674 2400 Cotyttia

707 2408 1000 2488 Vulgata,
1032 2428 1268 2470 sacrum
1297 2408 1469 2469 liberi
1500 2405 1832 2488 Cupidinis,

709 2491 794 2556 Et
824 2493 1114 2575 Esquilini
1145 2492 1425 2555 Pontifex
1455 2491 1704 2554 venefici

705 2577 843 2661 Imp
844 2599 961 2641 une
990 2585 1062 2641 ut
1089 2577 1318 2641 Urbem
1347 2577 1579 2640 nomine
1610 2574 1873 2658 impleris
1900 2568 2062 2642 meo!

710 2662 871 2737 Quid
899 2663 1183 2746 proderat
1213 2663 1434 2725 ditasse
1466 2662 1747 2744 Pelignas
1778 2682 1955 2747 anus,

707 2749 1068 2813 Velociusve
1097 2749 1403 2812 miscuisse
1436 2745 1745 2811 toxicum?

711 2833 835 2898 Sed
865 2835 1128 2897 tardiora
1155 2835 1282 2896 fata
1310 2842 1372 2896 te
1404 2835 1555 2896 votis
1584 2836 1870 2895 manent.

706 2918 960 3001 Ingrata
987 2919 1202 2981 misero
1231 2919 1358 2980 vita
1386 2918 1662 2980 ducenda
1691 2925 1785 2979 est
1811 2916 1874 2978 in
1899 2918 2014 2982 hoo

709 3003 901 3066 Novis
929 3009 1000 3064 ut
1027 3024 1216 3084 usque
1247 3009 1531 3084 suppetas
1560 3002 1881 3064 laboribus.

709 3087 902 3172 Optat
926 3087 1188 3169 quietem
1219 3087 1459 3169 Pelopis
1489 3087 1655 3149 infidi
1682 3094 1878 3169 pater,

711 3173 917 3253 Egens
945 3172 1239 3253 benignae
1269 3172 1557 3235 Tantalus
1587 3193 1823 3254 semper
1852 3171 2047 3256 dapiS,

708 3256 899 3340 Optat
926 3256 1320 3320 Prometheus
1349 3258 1644 3340 obligatus
1674 3257 1825 3334 aliti,

711 3341 902 3424 Optat
928 3363 1204 3424 supremo
1233 3344 1523 3406 collocare
1559 3341 1901 3427 Sisyphus

707 3427 786 3491 In
815 3434 1017 3490 monte
1049 3448 1293 3505 saxum3
1337 3428 1446 3491 sed
1477 3434 1686 3491 vetant
1713 3430 1877 3510 leges
1907 3426 1954 3492 J
1954 3447 2125 3494 ovis

707 3513 897 3576 Voles
924 3512 1098 3575 modo
1128 3514 1263 3576 altis
1293 3514 1529 3577 desilire
1560 3514 1847 3591 turribu3‚

703 3597 890 3662 Modo
919 3617 1062 3662 ense
1091 3606 1304 3683 pectus
1333 3599 1559 3663 Norico
1588 3598 1926 3678 recludere,

2378 977 2447 1025 40

2378 1401 2448 1448 45

2373 1826 2443 1874 50

2380 3535 2445 3584 ‘71
