2675 4409
916 271 1050 318 mn.
1095 270 1144 317 1.
1189 268 1395 317 nmsm.
1436 268 1580 315 m.
2188 246 2317 315 20⁷

224 424 389 501 Quid
419 444 573 509 pure
606 423 977 507 tranquillet,
1006 424 1192 488 honos
1221 446 1300 488 an
1329 424 1507 487 dulce
1536 422 1839 501 lucellum,

213 513 336 576 ’An
363 516 667 575 secretum
695 510 814 572 iter
841 519 905 573 et
931 510 1192 573 fallentis
1223 510 1439 573 semita
1466 510 1649 573 vitae.
1810 546 1840 605 s
1976 540 1993 633 z

226 597 336 660 Me
368 596 602 680 quoties
639 596 834 669 nai-cit
863 596 1098 678 gelidus
1151 597 1443 679 Digentia
1494 596 1680 673 rivus,
1705 601 1845 679 pass
2024 583 2061 625 ‘⁴

229 683 431 756 Quem
461 670 750 744 Mandela
777 681 948 761 bibit,
979 703 1234 765 rugosus
1262 682 1486 765 frigore
1518 701 1734 766 pagu3‚
1796 681 1811 715 ¹
2222 696 2308 747 105

230 767 394 842 Quid
425 767 648 830 sentire
678 765 905 850 putas?
945 767 1090 850 quid
1116 768 1338 846 credis,
1368 768 1581 845 amice,
1612 764 1849 849 precari
1874 763 1902 827 ’.Ρ

232 854 332 917 Sit
361 853 506 915 mihi
559 852 720 935 quod
748 874 908 916 nunc
931 860 1054 931 est,
1085 854 1266 915 etiam
1295 853 1526 915 minus··
1586 862 1611 914 t
1640 852 1787 914 mihi
1814 851 2011 913 vivam

230 939 410 1012 Quod
442 945 718 1022 superest
745 939 901 1016 aevi,
929 938 981 1001 si
1011 938 1156 1021 quid
1185 874 1745 1021 summunt
1774 936 1877 1013 ὥς

232 1024 334 1087 Sit
362 1024 518 1087 bona
542 1024 766 1087 libroru
859 1032 922 1087 et
951 1024 1222 1107 provisae
1252 1026 1353 1087 fru
1399 1025 1448 1087 's
1478 1025 1497 1085 i

228 1110 448 1192 Copia,
490 1131 614 1172 neu
656 1045 900 1171 fidii'eifi‘
919 1109 1138 1173 dubiae
1168 1131 1276 1193 spe
1305 1046 1605 1193 pffliffulus
1634 1046 1834 1179 forae.
1908 1124 2039 1207 mm
2066 1124 2312 1211 aut-,3¹¹⁰

231 1194 364 1259 Sed
391 1193 538 1258 satis
567 1201 662 1258 est
689 1216 862 1259 orare
890 1195 935 1258 J
937 1215 1109 1258 ovem
1163 1215 1320 1278 quae
1352 1195 1537 1258 donat
1563 1200 1627 1257 et
1656 1194 1895 1272 aufert:

185 1290 198 1298 ‘
225 1280 362 1345 Det
389 1280 596 1363 vitam,
633 1280 741 1345 det
779 1299 948 1366 opes,
993 1302 1254 1366 aequum
1281 1280 1367 1343 mi
1395 1280 1660 1344 animum
1686 1278 1814 1363 ipse
1844 1274 2091 1363 parabo.
2108 1264 2282 1423 ss
2310 1355 2343 1388 ⁶

843 1708 1394 1775 EPISTOLA
1456 1709 1697 1775 XIX.

231 1884 475 1948 Pmsco
509 1882 560 1945 si
590 1881 807 1961 credis,
836 1881 1168 1946 Maecenas
1197 1880 1396 1959 docte,
1430 1880 1697 1961 Cratin0,

231 1969 426 2033 Nulla
454 1969 694 2052 placere
725 1968 828 2033 diu
857 1989 970 2032 nec
1001 1969 1204 2031 vivere
1237 1967 1503 2029 carmina
1530 1974 1783 2051 possunt

233 2055 410 2129 Quae
439 2054 786 2118 scribuntur
814 2074 1006 2137 aquae
1037 2052 1363 2137 potoribus.
1455 2052 1547 2117 Ut
1576 2055 1939 2119 male-sanos

230 2140 584 2224 Adscripsit
617 2140 797 2203 Liber
829 2139 1064 2224 Satyris
1095 2138 1442 2221 Faunisque
1472 2140 1681 2222 poetas

232 2226 403 2290 Vina
432 2228 560 2290 fere
591 2224 796 2290 dulces
827 2227 1104 2289 oluerunt
1134 2246 1306 2287 mane
1342 2224 1665 2295 Camenae.
2284 2243 2322 2293 ι

233 2312 550 2376 Laudibus
579 2313 854 2395 arguitur
884 2311 1006 2375 vini
1035 2311 1274 2374 vinosus
1306 2310 1608 2373 Homerus
1636 2330 1652 2387 ;

236 2398 473 2463 Ennius
502 2397 629 2482 ipse
662 2405 834 2482 pater
858 2418 1167 2481 nunquam
1195 2396 1308 2459 nisi
1337 2404 1515 2479 potus
1544 2396 1623 2459 ad
1652 2416 1820 2461 arma

235 2484 530 2547 Prosiluit
558 2484 836 2547 dicenda.
867 2483 1150 2547 “Forum
1179 2484 1507 2567 putealque
1539 2482 1785 2545 Libonis

236 2568 548 2634 Mandabo
578 2569 775 2649 siccis,
806 2568 1066 2633 adimam
1095 2575 1345 2633 cantare
1374 2568 1599 2632 severis
1624 2569 1692 2632 :'’

237 2656 380 2720 Hoc
411 2656 587 2719 simul
616 2655 776 2718 edixi
826 2676 948 2718 non
980 2675 1293 2719 cessavere
1324 2655 1542 2738 poetae
2260 2670 2325 2720 ιο

238 2741 558 2806 Nocturno
589 2748 825 2805 certare
855 2762 1043 2821 mere,
1071 2747 1286 2824 putere
1317 2740 1552 2803 diurno.

242 2827 428 2906 Quid,
457 2826 508 2891 si
541 2827 676 2911 quis
704 2828 876 2891 vultu
903 2834 1074 2889 torvo
1104 2827 1270 2889 ferus
1301 2832 1366 2889 et
1393 2824 1547 2909 pede
1576 2821 1741 2887 nudo

243 2913 642 2996 Exiguaeque
669 2919 848 2996 togae
878 2912 1119 2976 simulet
1147 2918 1381 2975 textore
1414 2910 1727 2989 Catonem,

243 2999 633 3061 Virtutemne
664 3005 1080 3083 repraesentet
1107 3018 1422 3081 moresque
1456 2993 1750 3061 Catonis?

243 3084 439 3168 Rupit
467 3083 759 3146 Iarbitam
788 3082 1130 3166 Timagenis
1161 3084 1397 3146 aemula
1424 3084 1653 3166 lingua,
2217 3115 2227 3125 ·
2268 3098 2331 3149 15

243 3170 412 3233 Dum
441 3168 648 3231 studet
676 3169 942 3233 urbanus
972 3168 1284 3251 tenditque
1315 3169 1577 3232 disertus
1604 3166 1835 3232 haberi.

243 3254 496 3337 Decipit
523 3256 832 3339 exemplar.
859 3255 1016 3318 vitiis
1045 3255 1328 3317 imitabile
1356 3278 1371 3317 t
1420 3251 1634 3337 quodsi

245 3342 552 3405 Pallet-em
583 3361 726 3405 casu
776 3341 1050 3403 biberent
1080 3362 1385 3422 exsangue
1415 3341 1739 3403 cuminum.

249 3428 308 3490 O
340 3427 692 3506 imitatores,
723 3448 964 3491 servum
993 3448 1199 3509 pecuS‚
1230 3426 1469 3489 ut.mihi
1500 3446 1681 3508 saepe

251 3514 476 3593 Bilem‚
507 3534 687 3597 saepe
708 3515 914 3598 jocum
941 3513 1126 3575 vestri
1154 3534 1395 3575 movere
1427 3506 1755 3574 tumultus!
2270 3526 2337 3578 20

253 3599 477 3663 Libera
505 3620 616 3684 per
645 3620 902 3663 vacuum
931 3598 1102 3682 posui
1132 3598 1387 3679 vestigia
1416 3597 1719 3680 princeps,

253 3684 322 3748 N
323 3706 402 3748 on
432 3685 629 3748 aliena
655 3706 790 3749 meo
819 3685 1011 3768 pressi
1038 3684 1214 3767 pede.
1267 3682 1389 3757 Qui
1416 3682 1528 3745 sibi
1556 3680 1692 3743 fidit

253 3770 404 3835 Dux
436 3777 612 3859 reget
639 3792 913 3835 examen.
1003 3769 1216 3835 Parios
1245 3790 1361 3853 ego
1390 3767 1615 3853 primus
1641 3761 1871 3831 iambos

2098 1431 2196 1447 fi...-
2228 1420 2294 1507 ἔ
2381 1418 2407 1449 ,ἶ
2480 1440 2516 1461 «-
2658 1442 2660 1449 .

2237 1508 2247 1535 ι
2306 1464 2506 1500 ..κὴ-’.ν’

2257 1514 2268 1535 Ι
