2675 4409
449 233 532 301 '10

1307 246 1659 294 CARMINUM

871 402 1124 467 Annosa
1151 400 1381 465 cornix.
1469 400 1633 463 Dum
1661 398 1816 483 potis
1868 399 2103 462 aridum

878 485 1179 571 Compone
1208 486 1474 568 lignum:
1524 506 1658 548 cras
1690 482 1951 548 Genium
1976 506 2141 549 mero

957 571 1210 636 Curabis
1239 579 1302 633 et
1332 592 1515 654 porco
1542 570 1811 633 bimestri
2464 589 2526 638 15
2657 606 2659 653 ÷

1045 658 1199 721 Cum
1226 656 1464 719 famulis
1492 676 1738 739 operum
1766 655 1995 720 solutis·

1047 1080 1505 1146 GARMEN
1562 1080 1902 1147 XVIII.

866 1424 1120 1502 me,
1151 1421 1573 1506 Nympharum
1601 1422 1939 1505 fugientum
1967 1428 2217 1505 amator,

868 1508 994 1573 Per
1019 1528 1182 1569 meos
1213 1509 1365 1570 fines
1396 1515 1460 1570 et
1488 1508 1692 1590 aprica
1722 1530 1865 1571 rura

865 1592 1047 1656 Lenis
1075 1592 1320 1654 incedas
1373 1591 1671 1675 abeasque
1702 1593 1901 1675 parvis

1213 1676 1467 1759 Aequus
1498 1676 1771 1756 alumnis,

873 1758 942 1825 Si
969 1766 1143 1823 tener
1164 1762 1343 1844 pleno
1372 1762 1536 1825 cadit
1563 1762 1791 1825 haedus
1814 1782 1991 1842 anne,
2480 1782 2511 1833 5

865 1844 1070 1929 Larga
1097 1868 1210 1909 nee
1241 1847 1462 1911 desunt
1488 1848 1748 1912 Veneris
1776 1848 1965 1911 sodali

865 1930 1034 1997 'Vina
1059 1940 1357 1997 craterae.
1390 1934 1591 1997 Vetus
1620 1955 1727 1998 ara
1754 1934 1944 1999 multo

1203 2017 1429 2081 Fumat
1454 2019 1656 2098 odore,

862 2099 1050 2164 Ludit
1075 2101 1327 2166 herboso
1357 2123 1541 2185 pecus
1572 2122 1743 2165 omne
1774 2122 2006 2184 campo,

863 2184 1020 2251 Cum
1067 2188 1175 2251 tibi
1217 2187 1282 2251 N
1285 2208 1438 2251 onae
1479 2188 1736 2251 redeunt
1764 2185 2175 2265 Decembres;
2237 2200 2245 2205 '
2454 2209 2516 2257 ιο

862 2271 1126 2337 Festus
1109 2296 1172 2335 m
1202 2273 1390 2354 pratis
1419 2280 1598 2336 vacat
1626 2272 1811 2335 otioso

1210 2355 1367 2420 Cum
1395 2358 1545 2421 bove
1576 2377 1807 2440 pagus;

858 2438 1035 2504 Inter
1063 2440 1323 2504 audaces
1351 2442 1529 2524 lupus
1558 2448 1723 2504 errat
1750 2460 1973 2523 agn053

866 2524 1118 2607 Spargit
1145 2534 1417 2607 agrestes
1445 2526 1553 2588 tibi
1582 2526 1731 2589 silva
1760 2526 2052 2604 frondes;

865 2608 1153 2675 Gaudet
1135 2611 1389 2675 mvisam
1416 2611 1712 2695 pepulisse
1745 2610 1935 2675 fossor
2452 2630 2515 2679 15

1204 2696 1327 2760 Ter
1354 2696 1508 2782 pede
1539 2704 1785 2761 terram.

1085 3117 1563 3186 CARMEN
1617 3118 1855 3186 XIX.

857 3458 1180 3534 QUANTUM
1209 3458 1395 3523 distet
1424 3458 1499 3523 ab
1528 3457 1756 3526 Inacho

771 3543 1008 3609 Codrus
1039 3567 1167 3630 ‘pro
1196 3546 1395 3630 patria
1422 3567 1541 3609 non
1569 3547 1813 3610 timidus
1840 3544 1991 3610 mori

853 3630 1110 3712 Narras,
1140 3638 1205 3695 et
1232 3652 1423 3715 genus
1452 3632 1649 3694 Aeaei

769 3714 856 3781 Et
882 3724 1151 3803 pugnata
1180 3739 1351 3783 sacro
1380 3717 1539 3781 bella
1566 3717 1676 3781 sub
1704 3715 1858 3781 Ilioz
