2675 4409
908 293 1040 339 mn.
1087 293 1136 339 1.
1183 292 1382 339 cARM.
1430 290 1622 339 xxxt-

870 615 1334 681 CARMEN
1394 616 1660 681 XXX.

647 960 708 1026 Ο
738 962 992 1038 VERUS,
1025 960 1239 1042 regina
1267 959 1449 1023 Cnidi
1479 960 1818 1044 Paphique,

643 1047 878 1131 Sperne
910 1045 1193 1109 dilectam
1227 1045 1493 1130 Cypron,
1526 1054 1590 1109 et
1620 1046 1889 1111 vocantis

645 1134 852 1199 Thure
881 1139 943 1195 te
974 1133 1162 1194 multo
1196 1130 1497 1215 Glycerae
1531 1132 1813 1197 decoram

988 1216 1275 1280 Transfer
1304 1218 1369 1279 in
1399 1218 1632 1280 aedem.

637 1303 938 1369 Fervidus
967 1309 1172 1366 tecum
1202 1324 1357 1385 puer
1410 1309 1473 1365 et
1504 1303 1713 1367 solutis

641 1390 892 1455 Gratiae
922 1390 1083 1453 zonis
1135 1394 1583 1472 properentque
1612 1388 1679 1451 N
1679 1386 1943 1473 ymphao

640 1476 728 1541 Et
755 1497 970 1562 parum
1000 1475 1183 1538 comis
1213 1476 1345 1537 sine
1376 1481 1438 1537 te
1468 1474 1515 1537 J
1518 1484 1773 1541 uventas

986 1560 1475 1644 Mercuriusque.

831 1989 1294 2056 CARMEN
1352 1988 1675 2056 XXXI.

546 2334 720 2410 Qun>
751 2332 1102 2397 dedicatum
1131 2333 1322 2416 poscit
1354 2333 1702 2417 Apollinem

546 2418 798 2487 Vates?
844 2419 992 2503 quid
1021 2427 1156 2482 orat
1208 2419 1284 2481 de
1314 2426 1531 2502 patera
1558 2439 1781 2483 novum

629 2505 922 2571 Fundens
951 2504 1292 2588 liquorem?
1383 2505 1525 2567 Non
1553 2505 1787 2589 opimae

717 2589 1031 2655 Sardiniae
1061 2597 1303 2673 segetes
1332 2590 1591 2672 feraces,

547 2676 694 2740 Non
723 2684 1033 2739 aestuosae
1068 2684 1244 2758 grata
1274 2674 1592 2739 Calabriae

541 2763 864 2843 Armenta,
925 2784 1044 2824 non
1073 2782 1287 2823 aurum
1342 2768 1449 2825 aut
1479 2762 1629 2823 ebur
1661 2759 1968 2845 Indicum,

628 2848 772 2911 Non
803 2868 946 2909 rura
998 2867 1154 2929 quae
1187 2846 1349 2909 Liris
1378 2846 1585 2929 quieta

714 2932 960 2996 Mordet
990 2952 1149 3015 aqua
1200 2933 1538 2995 taciturnus
1567 2930 1783 3017 amnis,

543 3018 836 3083 Premant
866 3017 1092 3082 Calena
1119 3018 1277 3081 falce
1331 3018 1548 3100 quibus
1578 3017 1748 3082 dedit

541 3104 814 3171 Fortuna
865 3104 1074 3184 vitem,
1138 3103 1304 3165 dives
1337 3110 1402 3165 et
1430 3104 1630 3167 aureis

627 3189 938 3254 Mercator
969 3189 1235 3252 exsiccet
1263 3188 1501 3251 culullis

711 3274 878 3340 Vina
909 3272 1070 3358 Syra
1095 3282 1381 3357 reparata
1408 3294 1633 3352 merce,

537 3360 651 3426 Dis
682 3381 860 3425 carus
887 3360 1055 3444 ipsis,
1085 3360 1306 3443 quippe
1331 3365 1427 3421 ter
1452 3366 1517 3421 et
1546 3362 1764 3441 quater

538 3447 724 3511 Anno
752 3446 1020 3509 revisens
1049 3466 1278 3529 aequor
1302 3444 1687 3508 Atlanticum

621 3532 901 3615 Impune.
991 3530 1100 3594 Me
1130 3536 1388 3615 pascunt
1416 3530 1632 3606 olivae,

714 3616 820 3681 Me
853 3617 1150 3696 cichorea,
1181 3618 1467 3697 levesque
1504 3614 1762 3677 malvae.

533 3702 684 3767 Frui
714 3704 942 3787 paratis
971 3708 1036 3765 et
1063 3703 1262 3766 valido
1289 3699 1458 3779 mihi,

535 3788 752 3873 Latoss,
783 3788 968 3853 dones
1017 3795 1090 3854 et
1141 3808 1359 3874 precor
1412 3786 1652 3867 integra

2223 3122 2287 3174 1⁰
