<?xml version="1.0" encoding="UTF-8"?>
<!DOCTYPE html PUBLIC "-//W3C//DTD XHTML 1.0 Transitional//EN"
    "http://www.w3.org/TR/xhtml1/DTD/xhtml1-transitional.dtd">
<html xmlns="http://www.w3.org/1999/xhtml" xml:lang="en" lang="en">
 <head>
  <title>
</title>
<meta http-equiv="Content-Type" content="text/html;charset=utf-8" />
  <meta name='ocr-system' content='tesseract 3.04.00' />
  <meta name='ocr-capabilities' content='ocr_page ocr_carea ocr_par ocr_line ocrx_word'/>
</head>
<body>
  <div class='ocr_page' id='page_1' title='image "./workshorace01chasgoog_0204.png"; bbox 0 0 2675 4409; ppageno 0'>
   <div class='ocr_carea' id='block_1_1' title="bbox 945 276 1552 326">
    <p class='ocr_par' dir='ltr' id='par_1_1' title="bbox 945 276 1552 326">
     <span class='ocr_line' id='line_1_1' title="bbox 945 276 1552 326; baseline 0 -1"><span class='ocrx_word' id='word_1_1' title='bbox 945 278 1074 325; x_wconf 75' lang='lat' dir='ltr'>LIB.</span> <span class='ocrx_word' id='word_1_2' title='bbox 1118 276 1164 325; x_wconf 90' lang='lat'><strong>1.</strong></span> <span class='ocrx_word' id='word_1_3' title='bbox 1209 276 1410 326; x_wconf 71' lang='lat' dir='ltr'><strong>m’lsr.</strong></span> <span class='ocrx_word' id='word_1_4' title='bbox 1458 277 1552 325; x_wconf 77' lang='lat' dir='ltr'><strong>vt.</strong></span> 
     </span>
    </p>
   </div>
   <div class='ocr_carea' id='block_1_2' title="bbox 179 430 1971 3107">
    <p class='ocr_par' dir='ltr' id='par_1_2' title="bbox 193 430 1918 691">
     <span class='ocr_line' id='line_1_2' title="bbox 193 430 1677 519; baseline -0.001 -20"><span class='ocrx_word' id='word_1_5' title='bbox 193 432 532 519; x_wconf 83' lang='lat' dir='ltr'><strong>Improvisa</strong></span> <span class='ocrx_word' id='word_1_6' title='bbox 559 430 738 498; x_wconf 84' lang='lat' dir='ltr'><strong>simul</strong></span> <span class='ocrx_word' id='word_1_7' title='bbox 766 431 999 517; x_wconf 82' lang='lat' dir='ltr'><strong>species</strong></span> <span class='ocrx_word' id='word_1_8' title='bbox 1029 438 1300 498; x_wconf 84' lang='lat' dir='ltr'><strong>exterret</strong></span> <span class='ocrx_word' id='word_1_9' title='bbox 1326 438 1677 518; x_wconf 87' lang='lat' dir='ltr'><strong>utrumque.</strong></span> 
     </span>
     <span class='ocr_line' id='line_1_3' title="bbox 195 518 1918 604; baseline 0 -19"><span class='ocrx_word' id='word_1_10' title='bbox 195 520 481 585; x_wconf 78' lang='lat' dir='ltr'><strong>Gaudeat</strong></span> <span class='ocrx_word' id='word_1_11' title='bbox 510 542 592 584; x_wconf 90' lang='lat' dir='ltr'><strong>an</strong></span> <span class='ocrx_word' id='word_1_12' title='bbox 622 518 846 598; x_wconf 88' lang='lat' dir='ltr'><strong>doleat,</strong></span> <span class='ocrx_word' id='word_1_13' title='bbox 881 518 1088 602; x_wconf 89' lang='lat' dir='ltr'><strong>cupiat</strong></span> <span class='ocrx_word' id='word_1_14' title='bbox 1115 526 1449 599; x_wconf 82' lang='lat' dir='ltr'><strong>metuatne,</strong></span> <span class='ocrx_word' id='word_1_15' title='bbox 1481 520 1628 603; x_wconf 88' lang='lat' dir='ltr'><strong>quid</strong></span> <span class='ocrx_word' id='word_1_16' title='bbox 1657 519 1737 585; x_wconf 87' lang='lat' dir='ltr'><strong>ad</strong></span> <span class='ocrx_word' id='word_1_17' title='bbox 1765 542 1918 604; x_wconf 90' lang='lat' dir='ltr'><strong>rem,</strong></span> 
     </span>
     <span class='ocr_line' id='line_1_4' title="bbox 195 604 1567 691; baseline -0.001 -20"><span class='ocrx_word' id='word_1_18' title='bbox 195 604 260 671; x_wconf 86' lang='lat' dir='ltr'><strong>Si</strong></span> <span class='ocrx_word' id='word_1_19' title='bbox 291 606 590 691; x_wconf 91' lang='lat' dir='ltr'><strong>quidquid</strong></span> <span class='ocrx_word' id='word_1_20' title='bbox 619 605 772 668; x_wconf 86' lang='lat' dir='ltr'><strong>vidit</strong></span> <span class='ocrx_word' id='word_1_21' title='bbox 797 606 1012 669; x_wconf 88' lang='lat' dir='ltr'><strong>melius</strong></span> <span class='ocrx_word' id='word_1_22' title='bbox 1042 606 1290 690; x_wconf 86' lang='lat' dir='ltr'><strong>pejusve</strong></span> <span class='ocrx_word' id='word_1_23' title='bbox 1321 628 1432 670; x_wconf 85' lang='lat' dir='ltr'><strong>sua</strong></span> <span class='ocrx_word' id='word_1_24' title='bbox 1461 628 1567 688; x_wconf 88' lang='lat' dir='ltr'><strong>spe</strong></span> 
     </span>
    </p>

    <p class='ocr_par' dir='ltr' id='par_1_3' title="bbox 191 691 1657 775">
     <span class='ocr_line' id='line_1_5' title="bbox 191 691 1657 775; baseline -0.001 -18"><span class='ocrx_word' id='word_1_25' title='bbox 191 692 428 757; x_wconf 87' lang='lat' dir='ltr'><strong>Defixis</strong></span> <span class='ocrx_word' id='word_1_26' title='bbox 460 692 648 757; x_wconf 89' lang='lat' dir='ltr'><strong>oculis</strong></span> <span class='ocrx_word' id='word_1_27' title='bbox 679 692 998 775; x_wconf 86' lang='lat' dir='ltr'><strong>animoque</strong></span> <span class='ocrx_word' id='word_1_28' title='bbox 1031 699 1095 755; x_wconf 86' lang='lat' dir='ltr'><strong>et</strong></span> <span class='ocrx_word' id='word_1_29' title='bbox 1125 714 1375 775; x_wconf 90' lang='lat' dir='ltr'><strong>corpore</strong></span> <span class='ocrx_word' id='word_1_30' title='bbox 1410 691 1657 775; x_wconf 81' lang='lat' dir='ltr'><strong>torpet?</strong></span> 
     </span>
    </p>

    <p class='ocr_par' dir='ltr' id='par_1_4' title="bbox 191 778 1633 863">
     <span class='ocr_line' id='line_1_6' title="bbox 191 778 1633 863; baseline -0.001 -21"><span class='ocrx_word' id='word_1_31' title='bbox 191 779 403 843; x_wconf 84' lang='lat' dir='ltr'>Insani</span> <span class='ocrx_word' id='word_1_32' title='bbox 433 780 674 863; x_wconf 88' lang='lat' dir='ltr'><strong>sapiens</strong></span> <span class='ocrx_word' id='word_1_33' title='bbox 703 800 923 841; x_wconf 88' lang='lat' dir='ltr'><strong>nomen</strong></span> <span class='ocrx_word' id='word_1_34' title='bbox 951 778 1131 857; x_wconf 85' lang='lat' dir='ltr'><strong>ferat,</strong></span> <span class='ocrx_word' id='word_1_35' title='bbox 1158 800 1389 862; x_wconf 88' lang='lat' dir='ltr'><strong>aequus</strong></span> <span class='ocrx_word' id='word_1_36' title='bbox 1418 779 1633 862; x_wconf 89' lang='lat' dir='ltr'><strong>iniqui,</strong></span> 
     </span>
    </p>

    <p class='ocr_par' dir='ltr' id='par_1_5' title="bbox 194 865 1729 950">
     <span class='ocr_line' id='line_1_7' title="bbox 194 865 1729 950; baseline -0.001 -21"><span class='ocrx_word' id='word_1_37' title='bbox 194 865 377 929; x_wconf 88' lang='lat' dir='ltr'><strong>Ultra</strong></span> <span class='ocrx_word' id='word_1_38' title='bbox 406 888 590 950; x_wconf 89' lang='lat' dir='ltr'><strong>quam</strong></span> <span class='ocrx_word' id='word_1_39' title='bbox 621 865 767 928; x_wconf 87' lang='lat' dir='ltr'><strong>satis</strong></span> <span class='ocrx_word' id='word_1_40' title='bbox 797 872 892 928; x_wconf 86' lang='lat' dir='ltr'><strong>est</strong></span> <span class='ocrx_word' id='word_1_41' title='bbox 920 865 1205 928; x_wconf 83' lang='lat' dir='ltr'><strong>virtutem</strong></span> <span class='ocrx_word' id='word_1_42' title='bbox 1237 865 1288 927; x_wconf 89' lang='lat' dir='ltr'><strong>si</strong></span> <span class='ocrx_word' id='word_1_43' title='bbox 1316 872 1487 948; x_wconf 87' lang='lat' dir='ltr'><strong>petat</strong></span> <span class='ocrx_word' id='word_1_44' title='bbox 1516 866 1729 948; x_wconf 83' lang='lat' dir='ltr'><strong>ipsam.</strong></span> 
     </span>
    </p>

    <p class='ocr_par' dir='ltr' id='par_1_6' title="bbox 189 951 1971 1209">
     <span class='ocr_line' id='line_1_8' title="bbox 192 951 1971 1035; baseline 0.001 -20"><span class='ocrx_word' id='word_1_45' title='bbox 192 951 224 1016; x_wconf 90' lang='lat'>1</span> <span class='ocrx_word' id='word_1_46' title='bbox 253 974 444 1031; x_wconf 88' lang='lat' dir='ltr'><strong>nunc,</strong></span> <span class='ocrx_word' id='word_1_47' title='bbox 476 958 796 1034; x_wconf 85' lang='lat' dir='ltr'><strong>argentum</strong></span> <span class='ocrx_word' id='word_1_48' title='bbox 827 958 890 1013; x_wconf 86' lang='lat' dir='ltr'><strong>et</strong></span> <span class='ocrx_word' id='word_1_49' title='bbox 919 972 1182 1014; x_wconf 87' lang='lat' dir='ltr'><strong>marmor</strong></span> <span class='ocrx_word' id='word_1_50' title='bbox 1210 958 1386 1014; x_wconf 88' lang='lat' dir='ltr'><strong>vetus</strong></span> <span class='ocrx_word' id='word_1_51' title='bbox 1416 972 1681 1035; x_wconf 86' lang='lat' dir='ltr'><strong>aeraque</strong></span> <span class='ocrx_word' id='word_1_52' title='bbox 1715 959 1778 1015; x_wconf 89' lang='lat' dir='ltr'><strong>et</strong></span> <span class='ocrx_word' id='word_1_53' title='bbox 1806 958 1971 1017; x_wconf 85' lang='lat' dir='ltr'><strong>artes</strong></span> 
     </span>
     <span class='ocr_line' id='line_1_9' title="bbox 191 1036 1729 1122; baseline -0.001 -20"><span class='ocrx_word' id='word_1_54' title='bbox 191 1036 479 1122; x_wconf 82' lang='lat' dir='ltr'><strong>Suspice,</strong></span> <span class='ocrx_word' id='word_1_55' title='bbox 509 1059 647 1101; x_wconf 90' lang='lat' dir='ltr'><strong>cum</strong></span> <span class='ocrx_word' id='word_1_56' title='bbox 679 1038 930 1119; x_wconf 89' lang='lat' dir='ltr'><strong>gemmis</strong></span> <span class='ocrx_word' id='word_1_57' title='bbox 960 1038 1176 1121; x_wconf 78' lang='lat' dir='ltr'><strong>Tyrios</strong></span> <span class='ocrx_word' id='word_1_58' title='bbox 1204 1038 1425 1101; x_wconf 86' lang='lat' dir='ltr'><strong>mirare</strong></span> <span class='ocrx_word' id='word_1_59' title='bbox 1458 1039 1685 1101; x_wconf 89' lang='lat' dir='ltr'><strong>colores</strong></span> <span class='ocrx_word' id='word_1_60' title='bbox 1713 1057 1729 1113; x_wconf 92' lang='grc'><strong>;</strong></span> 
     </span>
     <span class='ocr_line' id='line_1_10' title="bbox 189 1122 1809 1209; baseline -0.001 -21"><span class='ocrx_word' id='word_1_61' title='bbox 189 1122 415 1188; x_wconf 84' lang='lat' dir='ltr'><strong>Gaude</strong></span> <span class='ocrx_word' id='word_1_62' title='bbox 447 1124 608 1209; x_wconf 91' lang='lat' dir='ltr'><strong>quod</strong></span> <span class='ocrx_word' id='word_1_63' title='bbox 639 1130 918 1207; x_wconf 86' lang='lat' dir='ltr'><strong>spectant</strong></span> <span class='ocrx_word' id='word_1_64' title='bbox 946 1124 1106 1188; x_wconf 90' lang='lat' dir='ltr'><strong>oculi</strong></span> <span class='ocrx_word' id='word_1_65' title='bbox 1136 1130 1198 1187; x_wconf 89' lang='lat' dir='ltr'><strong>te</strong></span> <span class='ocrx_word' id='word_1_66' title='bbox 1228 1124 1390 1187; x_wconf 91' lang='lat' dir='ltr'><strong>mille</strong></span> <span class='ocrx_word' id='word_1_67' title='bbox 1420 1126 1767 1209; x_wconf 85' lang='lat' dir='ltr'><strong>loquentem</strong></span> <span class='ocrx_word' id='word_1_68' title='bbox 1791 1144 1809 1199; x_wconf 90' lang='grc'>;</span> 
     </span>
    </p>

    <p class='ocr_par' dir='ltr' id='par_1_7' title="bbox 185 1209 1799 1294">
     <span class='ocr_line' id='line_1_11' title="bbox 185 1209 1799 1294; baseline -0.001 -20"><span class='ocrx_word' id='word_1_69' title='bbox 185 1209 250 1274; x_wconf 83' lang='lat' dir='ltr'>N</span> <span class='ocrx_word' id='word_1_70' title='bbox 251 1232 409 1275; x_wconf 88' lang='lat' dir='ltr'><strong>avus</strong></span> <span class='ocrx_word' id='word_1_71' title='bbox 439 1231 616 1273; x_wconf 89' lang='lat' dir='ltr'><strong>mane</strong></span> <span class='ocrx_word' id='word_1_72' title='bbox 646 1210 842 1273; x_wconf 89' lang='lat' dir='ltr'><strong>forum</strong></span> <span class='ocrx_word' id='word_1_73' title='bbox 873 1216 938 1274; x_wconf 86' lang='lat' dir='ltr'><strong>et</strong></span> <span class='ocrx_word' id='word_1_74' title='bbox 964 1210 1345 1294; x_wconf 84' lang='lat' dir='ltr'><strong>vespertinus</strong></span> <span class='ocrx_word' id='word_1_75' title='bbox 1374 1218 1513 1294; x_wconf 89' lang='lat' dir='ltr'><strong>pete</strong></span> <span class='ocrx_word' id='word_1_76' title='bbox 1548 1218 1799 1289; x_wconf 86' lang='lat' dir='ltr'><strong>tectum,</strong></span> 
     </span>
    </p>

    <p class='ocr_par' dir='ltr' id='par_1_8' title="bbox 185 1296 1556 1381">
     <span class='ocr_line' id='line_1_12' title="bbox 185 1296 1556 1381; baseline 0.001 -22"><span class='ocrx_word' id='word_1_77' title='bbox 185 1296 250 1359; x_wconf 85' lang='lat' dir='ltr'>N</span> <span class='ocrx_word' id='word_1_78' title='bbox 251 1320 288 1361; x_wconf 87' lang='lat' dir='ltr'><strong>e</strong></span> <span class='ocrx_word' id='word_1_79' title='bbox 321 1298 462 1381; x_wconf 88' lang='lat' dir='ltr'><strong>plus</strong></span> <span class='ocrx_word' id='word_1_80' title='bbox 489 1296 776 1360; x_wconf 83' lang='lat' dir='ltr'><strong>frumenti</strong></span> <span class='ocrx_word' id='word_1_81' title='bbox 805 1296 1102 1360; x_wconf 77' lang='lat' dir='ltr'><strong>dotalibus</strong></span> <span class='ocrx_word' id='word_1_82' title='bbox 1134 1303 1363 1360; x_wconf 85' lang='lat' dir='ltr'><strong>emetat</strong></span> <span class='ocrx_word' id='word_1_83' title='bbox 1391 1297 1556 1379; x_wconf 87' lang='lat' dir='ltr'><strong>agris</strong></span> 
     </span>
    </p>

    <p class='ocr_par' dir='ltr' id='par_1_9' title="bbox 186 1382 1729 1467">
     <span class='ocr_line' id='line_1_13' title="bbox 186 1382 1729 1467; baseline 0 -21"><span class='ocrx_word' id='word_1_84' title='bbox 186 1382 406 1447; x_wconf 90' lang='lat' dir='ltr'><strong>Mutus</strong></span> <span class='ocrx_word' id='word_1_85' title='bbox 437 1390 522 1461; x_wconf 91' lang='lat' dir='ltr'><strong>et,</strong></span> <span class='ocrx_word' id='word_1_86' title='bbox 552 1382 866 1465; x_wconf 87' lang='lat' dir='ltr'><strong>indignum</strong></span> <span class='ocrx_word' id='word_1_87' title='bbox 897 1382 1057 1465; x_wconf 92' lang='lat' dir='ltr'><strong>quod</strong></span> <span class='ocrx_word' id='word_1_88' title='bbox 1087 1383 1187 1461; x_wconf 85' lang='lat' dir='ltr'><strong>sit,</strong></span> <span class='ocrx_word' id='word_1_89' title='bbox 1218 1382 1523 1467; x_wconf 89' lang='lat' dir='ltr'><strong>pejoribus</strong></span> <span class='ocrx_word' id='word_1_90' title='bbox 1562 1386 1729 1446; x_wconf 87' lang='lat' dir='ltr'><strong>ortus</strong></span> 
     </span>
    </p>

    <p class='ocr_par' dir='ltr' id='par_1_10' title="bbox 186 1468 1556 1553">
     <span class='ocr_line' id='line_1_14' title="bbox 186 1468 1556 1553; baseline -0.002 -20"><span class='ocrx_word' id='word_1_91' title='bbox 186 1469 310 1534; x_wconf 89' lang='lat' dir='ltr'><strong>Hic</strong></span> <span class='ocrx_word' id='word_1_92' title='bbox 346 1470 458 1534; x_wconf 90' lang='lat' dir='ltr'><strong>tibi</strong></span> <span class='ocrx_word' id='word_1_93' title='bbox 489 1470 568 1533; x_wconf 90' lang='lat' dir='ltr'><strong>sit</strong></span> <span class='ocrx_word' id='word_1_94' title='bbox 595 1470 794 1553; x_wconf 87' lang='lat' dir='ltr'><strong>potius</strong></span> <span class='ocrx_word' id='word_1_95' title='bbox 823 1490 1005 1552; x_wconf 87' lang='lat' dir='ltr'><strong>quam</strong></span> <span class='ocrx_word' id='word_1_96' title='bbox 1036 1475 1104 1532; x_wconf 86' lang='lat' dir='ltr'><strong>tu</strong></span> <span class='ocrx_word' id='word_1_97' title='bbox 1132 1468 1421 1532; x_wconf 86' lang='lat' dir='ltr'><strong>mirabilis</strong></span> <span class='ocrx_word' id='word_1_98' title='bbox 1448 1469 1556 1532; x_wconf 90' lang='lat' dir='ltr'><strong>illi.</strong></span> 
     </span>
    </p>

    <p class='ocr_par' dir='ltr' id='par_1_11' title="bbox 185 1554 1893 1811">
     <span class='ocr_line' id='line_1_15' title="bbox 188 1554 1893 1639; baseline -0.001 -20"><span class='ocrx_word' id='word_1_99' title='bbox 188 1555 503 1639; x_wconf 81' lang='lat' dir='ltr'><strong>Quidquid</strong></span> <span class='ocrx_word' id='word_1_100' title='bbox 531 1557 642 1619; x_wconf 90' lang='lat' dir='ltr'><strong>sub</strong></span> <span class='ocrx_word' id='word_1_101' title='bbox 673 1562 839 1618; x_wconf 86' lang='lat' dir='ltr'><strong>terra</strong></span> <span class='ocrx_word' id='word_1_102' title='bbox 868 1562 962 1618; x_wconf 88' lang='lat' dir='ltr'><strong>est</strong></span> <span class='ocrx_word' id='word_1_103' title='bbox 989 1554 1051 1618; x_wconf 92' lang='lat' dir='ltr'><strong>in</strong></span> <span class='ocrx_word' id='word_1_104' title='bbox 1083 1556 1356 1638; x_wconf 87' lang='lat' dir='ltr'><strong>apricum</strong></span> <span class='ocrx_word' id='word_1_105' title='bbox 1386 1556 1655 1639; x_wconf 87' lang='lat' dir='ltr'><strong>proferet</strong></span> <span class='ocrx_word' id='word_1_106' title='bbox 1683 1558 1893 1632; x_wconf 80' lang='lat' dir='ltr'><strong>aetas;</strong></span> 
     </span>
     <span class='ocr_line' id='line_1_16' title="bbox 185 1640 1820 1726; baseline -0.002 -20"><span class='ocrx_word' id='word_1_107' title='bbox 185 1641 480 1707; x_wconf 86' lang='lat' dir='ltr'><strong>Defodiet</strong></span> <span class='ocrx_word' id='word_1_108' title='bbox 509 1641 848 1726; x_wconf 88' lang='lat' dir='ltr'><strong>condetque</strong></span> <span class='ocrx_word' id='word_1_109' title='bbox 877 1642 1151 1704; x_wconf 87' lang='lat' dir='ltr'><strong>nitentia.</strong></span> <span class='ocrx_word' id='word_1_110' title='bbox 1245 1640 1399 1705; x_wconf 85' lang='lat' dir='ltr'><strong>Cum</strong></span> <span class='ocrx_word' id='word_1_111' title='bbox 1428 1642 1583 1705; x_wconf 91' lang='lat' dir='ltr'><strong>bene</strong></span> <span class='ocrx_word' id='word_1_112' title='bbox 1612 1646 1820 1704; x_wconf 89' lang='lat' dir='ltr'><strong>notum</strong></span> 
     </span>
     <span class='ocr_line' id='line_1_17' title="bbox 185 1728 1767 1811; baseline 0 -20"><span class='ocrx_word' id='word_1_113' title='bbox 185 1729 472 1793; x_wconf 84' lang='lat' dir='ltr'><strong>Porticus</strong></span> <span class='ocrx_word' id='word_1_114' title='bbox 501 1728 815 1811; x_wconf 84' lang='lat' dir='ltr'><strong>Agrippae</strong></span> <span class='ocrx_word' id='word_1_115' title='bbox 853 1735 918 1791; x_wconf 90' lang='lat' dir='ltr'><strong>et</strong></span> <span class='ocrx_word' id='word_1_116' title='bbox 945 1728 1044 1791; x_wconf 86' lang='lat' dir='ltr'><strong>via</strong></span> <span class='ocrx_word' id='word_1_117' title='bbox 1073 1735 1135 1791; x_wconf 89' lang='lat' dir='ltr'><strong>te</strong></span> <span class='ocrx_word' id='word_1_118' title='bbox 1167 1728 1549 1811; x_wconf 78' lang='lat' dir='ltr'><strong>conspexerit</strong></span> <span class='ocrx_word' id='word_1_119' title='bbox 1578 1728 1767 1811; x_wconf 89' lang='lat' dir='ltr'><strong>Appi,</strong></span> 
     </span>
    </p>

    <p class='ocr_par' dir='ltr' id='par_1_12' title="bbox 183 1813 1765 1898">
     <span class='ocr_line' id='line_1_18' title="bbox 183 1813 1765 1898; baseline -0.001 -20"><span class='ocrx_word' id='word_1_120' title='bbox 183 1814 286 1879; x_wconf 86' lang='lat' dir='ltr'><strong>Ire</strong></span> <span class='ocrx_word' id='word_1_121' title='bbox 321 1823 528 1878; x_wconf 89' lang='lat' dir='ltr'><strong>tamen</strong></span> <span class='ocrx_word' id='word_1_122' title='bbox 557 1821 748 1877; x_wconf 88' lang='lat' dir='ltr'><strong>restat</strong></span> <span class='ocrx_word' id='word_1_123' title='bbox 776 1813 986 1877; x_wconf 84' lang='lat' dir='ltr'><strong>Numa</strong></span> <span class='ocrx_word' id='word_1_124' title='bbox 1013 1836 1135 1898; x_wconf 92' lang='lat' dir='ltr'><strong>quo</strong></span> <span class='ocrx_word' id='word_1_125' title='bbox 1165 1814 1413 1877; x_wconf 82' lang='lat' dir='ltr'><strong>devenit</strong></span> <span class='ocrx_word' id='word_1_126' title='bbox 1442 1822 1507 1878; x_wconf 89' lang='lat' dir='ltr'><strong>et</strong></span> <span class='ocrx_word' id='word_1_127' title='bbox 1534 1815 1765 1879; x_wconf 85' lang='lat' dir='ltr'><strong>Ancus.</strong></span> 
     </span>
    </p>

    <p class='ocr_par' dir='ltr' id='par_1_13' title="bbox 186 1901 1579 1965">
     <span class='ocr_line' id='line_1_19' title="bbox 186 1901 1579 1965; baseline 0 -1"><span class='ocrx_word' id='word_1_128' title='bbox 186 1901 254 1965; x_wconf 84' lang='lat' dir='ltr'><strong>Si</strong></span> <span class='ocrx_word' id='word_1_129' title='bbox 283 1904 448 1964; x_wconf 85' lang='lat' dir='ltr'><strong>latus</strong></span> <span class='ocrx_word' id='word_1_130' title='bbox 477 1908 586 1964; x_wconf 89' lang='lat' dir='ltr'><strong>aut</strong></span> <span class='ocrx_word' id='word_1_131' title='bbox 613 1922 790 1964; x_wconf 87' lang='lat' dir='ltr'><strong>renes</strong></span> <span class='ocrx_word' id='word_1_132' title='bbox 819 1901 1026 1963; x_wconf 88' lang='lat' dir='ltr'><strong>morbo</strong></span> <span class='ocrx_word' id='word_1_133' title='bbox 1057 1907 1373 1963; x_wconf 86' lang='lat' dir='ltr'><strong>tentantur</strong></span> <span class='ocrx_word' id='word_1_134' title='bbox 1401 1908 1579 1964; x_wconf 86' lang='lat' dir='ltr'><strong>acuto</strong></span> 
     </span>
    </p>

    <p class='ocr_par' dir='ltr' id='par_1_14' title="bbox 182 1981 1967 2158">
     <span class='ocr_line' id='line_1_20' title="bbox 182 1981 1967 2072; baseline -0.002 -22"><span class='ocrx_word' id='word_1_135' title='bbox 182 1987 428 2061; x_wconf 85' lang='lat' dir='ltr'><strong>Quaere</strong></span> <span class='ocrx_word' id='word_1_136' title='bbox 460 1987 667 2069; x_wconf 86' lang='lat' dir='ltr'><strong>fugam</strong></span> <span class='ocrx_word' id='word_1_137' title='bbox 695 1988 902 2049; x_wconf 88' lang='lat' dir='ltr'><strong>morbi.</strong></span> <span class='ocrx_word' id='word_1_138' title='bbox 995 1986 1110 2052; x_wconf 88' lang='lat' dir='ltr'><strong>Vis</strong></span> <span class='ocrx_word' id='word_1_139' title='bbox 1140 1995 1306 2050; x_wconf 86' lang='lat' dir='ltr'><strong>recte</strong></span> <span class='ocrx_word' id='word_1_140' title='bbox 1341 1988 1543 2051; x_wconf 86' lang='lat' dir='ltr'><strong>vivere</strong></span> <span class='ocrx_word' id='word_1_141' title='bbox 1572 2008 1587 2049; x_wconf 89' lang='lat'>:</span> <span class='ocrx_word' id='word_1_142' title='bbox 1634 1986 1769 2072; x_wconf 85' lang='lat' dir='ltr'><strong>quis</strong></span> <span class='ocrx_word' id='word_1_143' title='bbox 1796 1981 1967 2049; x_wconf 75' lang='lat' dir='ltr'><strong>non?</strong></span> 
     </span>
     <span class='ocr_line' id='line_1_21' title="bbox 184 2073 1658 2158; baseline 0 -21"><span class='ocrx_word' id='word_1_144' title='bbox 184 2073 253 2137; x_wconf 87' lang='lat' dir='ltr'><strong>Si</strong></span> <span class='ocrx_word' id='word_1_145' title='bbox 284 2076 478 2137; x_wconf 84' lang='lat' dir='ltr'><strong>virtus</strong></span> <span class='ocrx_word' id='word_1_146' title='bbox 506 2074 620 2136; x_wconf 91' lang='lat' dir='ltr'><strong>hoc</strong></span> <span class='ocrx_word' id='word_1_147' title='bbox 649 2095 780 2158; x_wconf 26' lang='lat' dir='ltr'><strong>una,</strong></span> <span class='ocrx_word' id='word_1_148' title='bbox 799 2080 1000 2157; x_wconf 85' lang='lat' dir='ltr'><strong>potest</strong></span> <span class='ocrx_word' id='word_1_149' title='bbox 1028 2073 1198 2151; x_wconf 88' lang='lat' dir='ltr'><strong>dare,</strong></span> <span class='ocrx_word' id='word_1_150' title='bbox 1228 2074 1400 2137; x_wconf 88' lang='lat' dir='ltr'><strong>fortis</strong></span> <span class='ocrx_word' id='word_1_151' title='bbox 1430 2073 1658 2137; x_wconf 88' lang='lat' dir='ltr'><strong>omissis</strong></span> 
     </span>
    </p>

    <p class='ocr_par' dir='ltr' id='par_1_15' title="bbox 179 2159 1690 2331">
     <span class='ocr_line' id='line_1_22' title="bbox 179 2159 1681 2245; baseline -0.001 -22"><span class='ocrx_word' id='word_1_152' title='bbox 179 2159 321 2223; x_wconf 90' lang='lat' dir='ltr'><strong>Hoc</strong></span> <span class='ocrx_word' id='word_1_153' title='bbox 355 2180 472 2243; x_wconf 85' lang='lat' dir='ltr'><strong>age</strong></span> <span class='ocrx_word' id='word_1_154' title='bbox 504 2159 750 2223; x_wconf 79' lang='lat' dir='ltr'><strong>deliciis·</strong></span> <span class='ocrx_word' id='word_1_155' title='bbox 839 2159 1153 2225; x_wconf 85' lang='lat' dir='ltr'><strong>Virtutem</strong></span> <span class='ocrx_word' id='word_1_156' title='bbox 1182 2161 1369 2224; x_wconf 88' lang='lat' dir='ltr'><strong>verba</strong></span> <span class='ocrx_word' id='word_1_157' title='bbox 1403 2169 1580 2245; x_wconf 88' lang='lat' dir='ltr'><strong>putas</strong></span> <span class='ocrx_word' id='word_1_158' title='bbox 1610 2168 1681 2223; x_wconf 85' lang='lat' dir='ltr'><strong>ut</strong></span> 
     </span>
     <span class='ocr_line' id='line_1_23' title="bbox 179 2245 1690 2331; baseline -0.001 -22"><span class='ocrx_word' id='word_1_159' title='bbox 179 2245 419 2311; x_wconf 89' lang='lat' dir='ltr'><strong>Lucum</strong></span> <span class='ocrx_word' id='word_1_160' title='bbox 449 2246 650 2329; x_wconf 86' lang='lat' dir='ltr'><strong>ligna:</strong></span> <span class='ocrx_word' id='word_1_161' title='bbox 699 2267 848 2309; x_wconf 86' lang='lat' dir='ltr'><strong>cave</strong></span> <span class='ocrx_word' id='word_1_162' title='bbox 877 2267 956 2308; x_wconf 88' lang='lat' dir='ltr'><strong>ne</strong></span> <span class='ocrx_word' id='word_1_163' title='bbox 987 2253 1196 2330; x_wconf 90' lang='lat' dir='ltr'><strong>portus</strong></span> <span class='ocrx_word' id='word_1_164' title='bbox 1225 2254 1483 2331; x_wconf 89' lang='lat' dir='ltr'><strong>occupet</strong></span> <span class='ocrx_word' id='word_1_165' title='bbox 1512 2248 1690 2326; x_wconf 87' lang='lat' dir='ltr'><strong>alter,</strong></span> 
     </span>
    </p>

    <p class='ocr_par' dir='ltr' id='par_1_16' title="bbox 179 2331 1663 2417">
     <span class='ocr_line' id='line_1_24' title="bbox 179 2331 1663 2417; baseline -0.001 -21"><span class='ocrx_word' id='word_1_166' title='bbox 179 2332 280 2397; x_wconf 86' lang='lat' dir='ltr'><strong>Ne</strong></span> <span class='ocrx_word' id='word_1_167' title='bbox 317 2331 691 2416; x_wconf 82' lang='lat' dir='ltr'><strong>Cibyratica,</strong></span> <span class='ocrx_word' id='word_1_168' title='bbox 721 2354 798 2395; x_wconf 92' lang='lat' dir='ltr'><strong>ne</strong></span> <span class='ocrx_word' id='word_1_169' title='bbox 828 2332 1100 2417; x_wconf 88' lang='lat' dir='ltr'><strong>Bithyna</strong></span> <span class='ocrx_word' id='word_1_170' title='bbox 1129 2334 1375 2415; x_wconf 87' lang='lat' dir='ltr'><strong>negotia</strong></span> <span class='ocrx_word' id='word_1_171' title='bbox 1402 2332 1663 2417; x_wconf 85' lang='lat' dir='ltr'><strong>perdas;</strong></span> 
     </span>
    </p>

    <p class='ocr_par' dir='ltr' id='par_1_17' title="bbox 179 2418 1904 2676">
     <span class='ocr_line' id='line_1_25' title="bbox 179 2418 1904 2502; baseline -0.001 -21"><span class='ocrx_word' id='word_1_172' title='bbox 179 2418 353 2483; x_wconf 92' lang='lat' dir='ltr'><strong>Mille</strong></span> <span class='ocrx_word' id='word_1_173' title='bbox 386 2420 618 2482; x_wconf 88' lang='lat' dir='ltr'><strong>talenta</strong></span> <span class='ocrx_word' id='word_1_174' title='bbox 645 2419 1070 2499; x_wconf 82' lang='lat' dir='ltr'><strong>rot-nudentur,</strong></span> <span class='ocrx_word' id='word_1_175' title='bbox 1101 2420 1353 2483; x_wconf 85' lang='lat' dir='ltr'><strong>totidem</strong></span> <span class='ocrx_word' id='word_1_176' title='bbox 1385 2420 1599 2497; x_wconf 86' lang='lat' dir='ltr'><strong>altera,</strong></span> <span class='ocrx_word' id='word_1_177' title='bbox 1630 2438 1809 2502; x_wconf 89' lang='lat' dir='ltr'><strong>porro</strong></span> <span class='ocrx_word' id='word_1_178' title='bbox 1839 2422 1904 2480; x_wconf 87' lang='lat' dir='ltr'><strong>et</strong></span> 
     </span>
     <span class='ocr_line' id='line_1_26' title="bbox 181 2504 1826 2590; baseline -0.003 -21"><span class='ocrx_word' id='word_1_179' title='bbox 181 2504 388 2569; x_wconf 78' lang='lat' dir='ltr'><strong>Tertia</strong></span> <span class='ocrx_word' id='word_1_180' title='bbox 417 2504 752 2569; x_wconf 81' lang='lat' dir='ltr'><strong>succedant</strong></span> <span class='ocrx_word' id='word_1_181' title='bbox 781 2512 844 2569; x_wconf 90' lang='lat' dir='ltr'><strong>et</strong></span> <span class='ocrx_word' id='word_1_182' title='bbox 871 2526 1028 2590; x_wconf 85' lang='lat' dir='ltr'><strong>quae</strong></span> <span class='ocrx_word' id='word_1_183' title='bbox 1060 2526 1201 2588; x_wconf 86' lang='lat' dir='ltr'><strong>pars</strong></span> <span class='ocrx_word' id='word_1_184' title='bbox 1231 2506 1495 2589; x_wconf 85' lang='lat' dir='ltr'><strong>quadret</strong></span> <span class='ocrx_word' id='word_1_185' title='bbox 1524 2526 1826 2569; x_wconf 83' lang='lat' dir='ltr'><strong>acervum.</strong></span> 
     </span>
     <span class='ocr_line' id='line_1_27' title="bbox 183 2590 1737 2676; baseline -0.001 -21"><span class='ocrx_word' id='word_1_186' title='bbox 183 2590 436 2656; x_wconf 86' lang='lat' dir='ltr'><strong>Scilicet</strong></span> <span class='ocrx_word' id='word_1_187' title='bbox 463 2612 711 2658; x_wconf 84' lang='lat' dir='ltr'><strong>uxorem</strong></span> <span class='ocrx_word' id='word_1_188' title='bbox 745 2612 880 2655; x_wconf 87' lang='lat' dir='ltr'><strong>cum</strong></span> <span class='ocrx_word' id='word_1_189' title='bbox 913 2592 1054 2655; x_wconf 86' lang='lat' dir='ltr'><strong>dote</strong></span> <span class='ocrx_word' id='word_1_190' title='bbox 1082 2592 1387 2676; x_wconf 85' lang='lat' dir='ltr'><strong>fidemque</strong></span> <span class='ocrx_word' id='word_1_191' title='bbox 1420 2598 1484 2654; x_wconf 88' lang='lat' dir='ltr'><strong>et</strong></span> <span class='ocrx_word' id='word_1_192' title='bbox 1516 2591 1737 2654; x_wconf 88' lang='lat' dir='ltr'><strong>amicos</strong></span> 
     </span>
    </p>

    <p class='ocr_par' dir='ltr' id='par_1_18' title="bbox 179 2676 1643 2761">
     <span class='ocr_line' id='line_1_28' title="bbox 179 2676 1643 2761; baseline -0.001 -20"><span class='ocrx_word' id='word_1_193' title='bbox 179 2676 262 2741; x_wconf 87' lang='lat' dir='ltr'><strong>Et</strong></span> <span class='ocrx_word' id='word_1_194' title='bbox 293 2699 489 2761; x_wconf 87' lang='lat' dir='ltr'><strong>genus</strong></span> <span class='ocrx_word' id='word_1_195' title='bbox 518 2685 583 2741; x_wconf 89' lang='lat' dir='ltr'><strong>et</strong></span> <span class='ocrx_word' id='word_1_196' title='bbox 610 2678 860 2741; x_wconf 86' lang='lat' dir='ltr'><strong>formam</strong></span> <span class='ocrx_word' id='word_1_197' title='bbox 889 2678 1103 2760; x_wconf 84' lang='lat' dir='ltr'><strong>regina</strong></span> <span class='ocrx_word' id='word_1_198' title='bbox 1133 2677 1405 2741; x_wconf 87' lang='lat' dir='ltr'><strong>Pecunia</strong></span> <span class='ocrx_word' id='word_1_199' title='bbox 1436 2677 1643 2755; x_wconf 87' lang='lat' dir='ltr'><strong>donat,</strong></span> 
     </span>
    </p>

    <p class='ocr_par' dir='ltr' id='par_1_19' title="bbox 179 2762 1868 3107">
     <span class='ocr_line' id='line_1_29' title="bbox 180 2762 1839 2845; baseline -0.002 -20"><span class='ocrx_word' id='word_1_200' title='bbox 180 2764 277 2827; x_wconf 88' lang='lat' dir='ltr'><strong>Ac</strong></span> <span class='ocrx_word' id='word_1_201' title='bbox 308 2765 464 2827; x_wconf 91' lang='lat' dir='ltr'><strong>bene</strong></span> <span class='ocrx_word' id='word_1_202' title='bbox 496 2771 869 2827; x_wconf 88' lang='lat' dir='ltr'><strong>nummatum</strong></span> <span class='ocrx_word' id='word_1_203' title='bbox 902 2764 1152 2827; x_wconf 85' lang='lat' dir='ltr'><strong>decorat</strong></span> <span class='ocrx_word' id='word_1_204' title='bbox 1184 2763 1451 2827; x_wconf 85' lang='lat' dir='ltr'><strong>Suadela</strong></span> <span class='ocrx_word' id='word_1_205' title='bbox 1481 2762 1839 2845; x_wconf 90' lang='lat' dir='ltr'><strong>Venusque.</strong></span> 
     </span>
     <span class='ocr_line' id='line_1_30' title="bbox 179 2848 1799 2934; baseline -0.001 -21"><span class='ocrx_word' id='word_1_206' title='bbox 179 2848 504 2933; x_wconf 82' lang='lat' dir='ltr'><strong>Mancipiis</strong></span> <span class='ocrx_word' id='word_1_207' title='bbox 533 2851 800 2933; x_wconf 87' lang='lat' dir='ltr'><strong>locuples</strong></span> <span class='ocrx_word' id='word_1_208' title='bbox 830 2855 974 2932; x_wconf 89' lang='lat' dir='ltr'><strong>eget</strong></span> <span class='ocrx_word' id='word_1_209' title='bbox 1003 2850 1160 2913; x_wconf 86' lang='lat' dir='ltr'><strong>aeris</strong></span> <span class='ocrx_word' id='word_1_210' title='bbox 1192 2849 1621 2934; x_wconf 85' lang='lat' dir='ltr'><strong>Cappadocum</strong></span> <span class='ocrx_word' id='word_1_211' title='bbox 1653 2869 1799 2911; x_wconf 87' lang='lat' dir='ltr'><strong>rex:</strong></span> 
     </span>
     <span class='ocr_line' id='line_1_31' title="bbox 179 2935 1868 3021; baseline -0.001 -22"><span class='ocrx_word' id='word_1_212' title='bbox 179 2935 278 2999; x_wconf 87' lang='lat' dir='ltr'><strong>Ne</strong></span> <span class='ocrx_word' id='word_1_213' title='bbox 310 2935 499 2999; x_wconf 87' lang='lat' dir='ltr'><strong>fueris</strong></span> <span class='ocrx_word' id='word_1_214' title='bbox 527 2936 625 3000; x_wconf 90' lang='lat' dir='ltr'><strong>hic</strong></span> <span class='ocrx_word' id='word_1_215' title='bbox 656 2944 742 2999; x_wconf 91' lang='lat' dir='ltr'><strong>tu.</strong></span> <span class='ocrx_word' id='word_1_216' title='bbox 835 2935 1202 3021; x_wconf 71' lang='lat' dir='ltr'><strong>chlamydes</strong></span> <span class='ocrx_word' id='word_1_217' title='bbox 1232 2936 1546 3015; x_wconf 77' lang='lat' dir='ltr'><strong>LuculluS,</strong></span> <span class='ocrx_word' id='word_1_218' title='bbox 1577 2942 1647 2999; x_wconf 87' lang='lat' dir='ltr'><strong>ut</strong></span> <span class='ocrx_word' id='word_1_219' title='bbox 1677 2935 1868 3016; x_wconf 84' lang='lat' dir='ltr'><strong>aiunt,</strong></span> 
     </span>
     <span class='ocr_line' id='line_1_32' title="bbox 183 3020 1631 3107; baseline 0.001 -23"><span class='ocrx_word' id='word_1_220' title='bbox 183 3020 248 3085; x_wconf 86' lang='lat' dir='ltr'><strong>Si</strong></span> <span class='ocrx_word' id='word_1_221' title='bbox 279 3030 482 3105; x_wconf 85' lang='lat' dir='ltr'><strong>posset</strong></span> <span class='ocrx_word' id='word_1_222' title='bbox 511 3029 755 3085; x_wconf 89' lang='lat' dir='ltr'><strong>centum</strong></span> <span class='ocrx_word' id='word_1_223' title='bbox 785 3042 1002 3085; x_wconf 88' lang='lat' dir='ltr'><strong>scenae</strong></span> <span class='ocrx_word' id='word_1_224' title='bbox 1035 3022 1326 3107; x_wconf 87' lang='lat' dir='ltr'><strong>praebere</strong></span> <span class='ocrx_word' id='word_1_225' title='bbox 1359 3028 1631 3105; x_wconf 77' lang='lat' dir='ltr'><strong>rogatuS,</strong></span> 
     </span>
    </p>
   </div>
   <div class='ocr_carea' id='block_1_3' title="bbox 2170 263 2297 328">
    <p class='ocr_par' dir='ltr' id='par_1_20' title="bbox 2170 263 2297 328">
     <span class='ocr_line' id='line_1_33' title="bbox 2170 263 2297 328; baseline 0 -1"><span class='ocrx_word' id='word_1_226' title='bbox 2170 263 2297 328; x_wconf 88' lang='lat'><strong>189</strong></span> 
     </span>
    </p>
   </div>
   <div class='ocr_carea' id='block_1_4' title="bbox 2118 2953 2277 3021">
    <p class='ocr_par' dir='ltr' id='par_1_21' title="bbox 2118 2953 2277 3021">
     <span class='ocr_line' id='line_1_34' title="bbox 2118 2953 2277 3021; baseline 0.006 -19"><span class='ocrx_word' id='word_1_227' title='bbox 2118 2953 2277 3021; x_wconf 58' lang='grc' dir='ltr'><strong>,ιο</strong></span> 
     </span>
    </p>
   </div>
   <div class='ocr_carea' id='block_1_5' title="bbox 179 3106 2276 3193">
    <p class='ocr_par' dir='ltr' id='par_1_22' title="bbox 179 3106 2276 3193">
     <span class='ocr_line' id='line_1_35' title="bbox 179 3106 2276 3193; baseline 0.002 -25"><span class='ocrx_word' id='word_1_228' title='bbox 179 3113 217 3144; x_wconf 89' lang='lat'><strong><em>“</em></strong></span> <span class='ocrx_word' id='word_1_229' title='bbox 246 3108 367 3182; x_wconf 86' lang='lat' dir='ltr'><strong>Qui</strong></span> <span class='ocrx_word' id='word_1_230' title='bbox 399 3130 640 3192; x_wconf 90' lang='lat' dir='ltr'><strong>possum</strong></span> <span class='ocrx_word' id='word_1_231' title='bbox 670 3115 760 3171; x_wconf 85' lang='lat' dir='ltr'><strong>tot</strong></span> <span class='ocrx_word' id='word_1_232' title='bbox 779 3107 808 3171; x_wconf 73' lang='grc' dir='ltr'><strong>’ἓ</strong></span> <span class='ocrx_word' id='word_1_233' title='bbox 826 3108 866 3138; x_wconf 87' lang='grc'>”</span> <span class='ocrx_word' id='word_1_234' title='bbox 901 3108 1026 3185; x_wconf 82' lang='lat' dir='ltr'><strong>ait3</strong></span> <span class='ocrx_word' id='word_1_235' title='bbox 1074 3112 1114 3145; x_wconf 76' lang='lat'><strong>‘⁴</strong></span> <span class='ocrx_word' id='word_1_236' title='bbox 1137 3116 1342 3171; x_wconf 89' lang='lat' dir='ltr'><strong>tamen</strong></span> <span class='ocrx_word' id='word_1_237' title='bbox 1373 3116 1437 3171; x_wconf 86' lang='lat' dir='ltr'><strong>et</strong></span> <span class='ocrx_word' id='word_1_238' title='bbox 1469 3129 1752 3192; x_wconf 77' lang='lat' dir='ltr'><strong>quaeram</strong></span> <span class='ocrx_word' id='word_1_239' title='bbox 1784 3112 1847 3171; x_wconf 88' lang='lat' dir='ltr'><strong>et</strong></span> <span class='ocrx_word' id='word_1_240' title='bbox 1870 3113 2017 3193; x_wconf 90' lang='lat' dir='ltr'><strong>quot</strong></span> <span class='ocrx_word' id='word_1_241' title='bbox 2043 3106 2276 3172; x_wconf 86' lang='lat' dir='ltr'><strong>habebo</strong></span> 
     </span>
    </p>
   </div>
   <div class='ocr_carea' id='block_1_6' title="bbox 176 3193 1923 3884">
    <p class='ocr_par' dir='ltr' id='par_1_23' title="bbox 176 3193 1923 3451">
     <span class='ocr_line' id='line_1_36' title="bbox 176 3193 1797 3279; baseline 0 -22"><span class='ocrx_word' id='word_1_242' title='bbox 176 3193 421 3257; x_wconf 84' lang='lat' dir='ltr'><strong>Mittam</strong></span> <span class='ocrx_word' id='word_1_243' title='bbox 444 3194 518 3257; x_wconf 89' lang='lat'>:.’&#39;</span> <span class='ocrx_word' id='word_1_244' title='bbox 566 3200 701 3278; x_wconf 90' lang='lat' dir='ltr'><strong>post</strong></span> <span class='ocrx_word' id='word_1_245' title='bbox 731 3196 907 3277; x_wconf 87' lang='lat' dir='ltr'><strong>paulo</strong></span> <span class='ocrx_word' id='word_1_246' title='bbox 939 3194 1148 3258; x_wconf 88' lang='lat' dir='ltr'><strong>scribit</strong></span> <span class='ocrx_word' id='word_1_247' title='bbox 1177 3194 1290 3257; x_wconf 86' lang='lat' dir='ltr'><strong>sibi</strong></span> <span class='ocrx_word' id='word_1_248' title='bbox 1317 3194 1503 3258; x_wconf 91' lang='lat' dir='ltr'><strong>millia</strong></span> <span class='ocrx_word' id='word_1_249' title='bbox 1533 3195 1797 3279; x_wconf 87' lang='lat' dir='ltr'><strong>quinque</strong></span> 
     </span>
     <span class='ocr_line' id='line_1_37' title="bbox 177 3280 1923 3365; baseline 0 -22"><span class='ocrx_word' id='word_1_250' title='bbox 177 3280 330 3343; x_wconf 86' lang='lat' dir='ltr'><strong>Esse</strong></span> <span class='ocrx_word' id='word_1_251' title='bbox 363 3280 524 3342; x_wconf 91' lang='lat' dir='ltr'><strong>domi</strong></span> <span class='ocrx_word' id='word_1_252' title='bbox 555 3281 940 3365; x_wconf 85' lang='lat' dir='ltr'><strong>chlamydum</strong></span> <span class='ocrx_word' id='word_1_253' title='bbox 966 3301 983 3358; x_wconf 92' lang='lat'>;</span> <span class='ocrx_word' id='word_1_254' title='bbox 1030 3287 1268 3365; x_wconf 85' lang='lat' dir='ltr'><strong>partem</strong></span> <span class='ocrx_word' id='word_1_255' title='bbox 1300 3281 1399 3344; x_wconf 85' lang='lat' dir='ltr'><strong>vel</strong></span> <span class='ocrx_word' id='word_1_256' title='bbox 1429 3284 1669 3345; x_wconf 87' lang='lat' dir='ltr'><strong>tolleret</strong></span> <span class='ocrx_word' id='word_1_257' title='bbox 1698 3300 1923 3345; x_wconf 78' lang='lat' dir='ltr'><strong>omnes,</strong></span> 
     </span>
     <span class='ocr_line' id='line_1_38' title="bbox 177 3364 1681 3451; baseline 0.001 -23"><span class='ocrx_word' id='word_1_258' title='bbox 177 3364 367 3429; x_wconf 85' lang='lat' dir='ltr'><strong>Exilis</strong></span> <span class='ocrx_word' id='word_1_259' title='bbox 399 3366 610 3429; x_wconf 89' lang='lat' dir='ltr'><strong>domus</strong></span> <span class='ocrx_word' id='word_1_260' title='bbox 640 3381 734 3429; x_wconf 84' lang='lat' dir='ltr'><strong>est</strong></span> <span class='ocrx_word' id='word_1_261' title='bbox 763 3367 866 3430; x_wconf 92' lang='lat' dir='ltr'><strong>ubi</strong></span> <span class='ocrx_word' id='word_1_262' title='bbox 893 3388 1014 3429; x_wconf 91' lang='lat' dir='ltr'><strong>non</strong></span> <span class='ocrx_word' id='word_1_263' title='bbox 1045 3374 1108 3429; x_wconf 87' lang='lat' dir='ltr'><strong>et</strong></span> <span class='ocrx_word' id='word_1_264' title='bbox 1136 3368 1327 3429; x_wconf 88' lang='lat' dir='ltr'><strong>multa</strong></span> <span class='ocrx_word' id='word_1_265' title='bbox 1357 3374 1681 3451; x_wconf 82' lang='lat' dir='ltr'><strong>supersunt</strong></span> 
     </span>
    </p>

    <p class='ocr_par' dir='ltr' id='par_1_24' title="bbox 177 3452 1781 3536">
     <span class='ocr_line' id='line_1_39' title="bbox 177 3452 1781 3536; baseline 0.001 -22"><span class='ocrx_word' id='word_1_266' title='bbox 177 3452 260 3515; x_wconf 85' lang='lat' dir='ltr'><strong>Et</strong></span> <span class='ocrx_word' id='word_1_267' title='bbox 290 3452 597 3515; x_wconf 84' lang='lat' dir='ltr'><strong>dominum</strong></span> <span class='ocrx_word' id='word_1_268' title='bbox 626 3453 843 3515; x_wconf 87' lang='lat' dir='ltr'><strong>fallunt</strong></span> <span class='ocrx_word' id='word_1_269' title='bbox 876 3461 940 3516; x_wconf 91' lang='lat' dir='ltr'><strong>et</strong></span> <span class='ocrx_word' id='word_1_270' title='bbox 968 3460 1219 3536; x_wconf 87' lang='lat' dir='ltr'><strong>prosunt</strong></span> <span class='ocrx_word' id='word_1_271' title='bbox 1249 3452 1501 3516; x_wconf 89' lang='lat' dir='ltr'><strong>furibus.</strong></span> <span class='ocrx_word' id='word_1_272' title='bbox 1594 3454 1781 3535; x_wconf 82' lang='lat' dir='ltr'><strong>ErgO,</strong></span> 
     </span>
    </p>

    <p class='ocr_par' dir='ltr' id='par_1_25' title="bbox 181 3536 1655 3621">
     <span class='ocr_line' id='line_1_40' title="bbox 181 3536 1655 3621; baseline -0.001 -21"><span class='ocrx_word' id='word_1_273' title='bbox 181 3536 246 3601; x_wconf 89' lang='lat' dir='ltr'><strong>Si</strong></span> <span class='ocrx_word' id='word_1_274' title='bbox 275 3559 374 3601; x_wconf 85' lang='lat' dir='ltr'><strong>res</strong></span> <span class='ocrx_word' id='word_1_275' title='bbox 405 3538 533 3601; x_wconf 86' lang='lat' dir='ltr'><strong>sola</strong></span> <span class='ocrx_word' id='word_1_276' title='bbox 563 3546 762 3621; x_wconf 82' lang='lat' dir='ltr'><strong>potest</strong></span> <span class='ocrx_word' id='word_1_277' title='bbox 789 3540 993 3603; x_wconf 86' lang='lat' dir='ltr'><strong>facere</strong></span> <span class='ocrx_word' id='word_1_278' title='bbox 1026 3546 1089 3603; x_wconf 85' lang='lat' dir='ltr'><strong>et</strong></span> <span class='ocrx_word' id='word_1_279' title='bbox 1119 3560 1362 3602; x_wconf 86' lang='lat' dir='ltr'><strong>servare</strong></span> <span class='ocrx_word' id='word_1_280' title='bbox 1392 3540 1655 3613; x_wconf 86' lang='lat' dir='ltr'><strong>beatum,</strong></span> 
     </span>
    </p>

    <p class='ocr_par' dir='ltr' id='par_1_26' title="bbox 177 3620 1847 3884">
     <span class='ocr_line' id='line_1_41' title="bbox 177 3620 1847 3709; baseline -0.001 -22"><span class='ocrx_word' id='word_1_281' title='bbox 177 3622 313 3687; x_wconf 90' lang='lat' dir='ltr'><strong>Hoc</strong></span> <span class='ocrx_word' id='word_1_282' title='bbox 345 3625 574 3709; x_wconf 90' lang='lat' dir='ltr'><strong>primus</strong></span> <span class='ocrx_word' id='word_1_283' title='bbox 604 3633 845 3709; x_wconf 84' lang='lat' dir='ltr'><strong>repetas</strong></span> <span class='ocrx_word' id='word_1_284' title='bbox 875 3646 1047 3709; x_wconf 79' lang='lat' dir='ltr'><strong>opuS,</strong></span> <span class='ocrx_word' id='word_1_285' title='bbox 1076 3626 1190 3688; x_wconf 91' lang='lat' dir='ltr'><strong>hoc</strong></span> <span class='ocrx_word' id='word_1_286' title='bbox 1221 3633 1558 3709; x_wconf 85' lang='lat' dir='ltr'><strong>postremus</strong></span> <span class='ocrx_word' id='word_1_287' title='bbox 1588 3620 1847 3687; x_wconf 80' lang='lat' dir='ltr'><strong>omittas·</strong></span> 
     </span>
     <span class='ocr_line' id='line_1_42' title="bbox 181 3707 1564 3795; baseline -0.001 -23"><span class='ocrx_word' id='word_1_288' title='bbox 181 3707 244 3772; x_wconf 82' lang='lat' dir='ltr'><strong>Si</strong></span> <span class='ocrx_word' id='word_1_289' title='bbox 274 3711 653 3773; x_wconf 84' lang='lat' dir='ltr'><strong>fortunatum</strong></span> <span class='ocrx_word' id='word_1_290' title='bbox 685 3712 918 3794; x_wconf 87' lang='lat' dir='ltr'><strong>species</strong></span> <span class='ocrx_word' id='word_1_291' title='bbox 949 3718 1011 3774; x_wconf 87' lang='lat' dir='ltr'><strong>et</strong></span> <span class='ocrx_word' id='word_1_292' title='bbox 1045 3711 1243 3793; x_wconf 85' lang='lat' dir='ltr'><strong>gratia</strong></span> <span class='ocrx_word' id='word_1_293' title='bbox 1271 3716 1564 3795; x_wconf 83' lang='lat' dir='ltr'><strong>praestat,</strong></span> 
     </span>
     <span class='ocr_line' id='line_1_43' title="bbox 177 3794 1711 3884; baseline -0.004 -21"><span class='ocrx_word' id='word_1_294' title='bbox 177 3794 526 3863; x_wconf 82' lang='lat' dir='ltr'><strong>Mercomur</strong></span> <span class='ocrx_word' id='word_1_295' title='bbox 554 3816 795 3862; x_wconf 80' lang='lat' dir='ltr'><strong>servum</strong></span> <span class='ocrx_word' id='word_1_296' title='bbox 827 3798 930 3884; x_wconf 89' lang='lat' dir='ltr'><strong>qui</strong></span> <span class='ocrx_word' id='word_1_297' title='bbox 961 3796 1153 3861; x_wconf 89' lang='lat' dir='ltr'><strong>dictet</strong></span> <span class='ocrx_word' id='word_1_298' title='bbox 1180 3796 1443 3878; x_wconf 88' lang='lat' dir='ltr'><strong>nomina,</strong></span> <span class='ocrx_word' id='word_1_299' title='bbox 1470 3796 1711 3860; x_wconf 86' lang='lat' dir='ltr'><strong>laevum</strong></span> 
     </span>
    </p>
   </div>
   <div class='ocr_carea' id='block_1_7' title="bbox 2209 3384 2273 3432">
    <p class='ocr_par' dir='ltr' id='par_1_27' title="bbox 2209 3384 2273 3432">
     <span class='ocr_line' id='line_1_44' title="bbox 2209 3384 2273 3432; baseline 0 0"><span class='ocrx_word' id='word_1_300' title='bbox 2209 3384 2273 3432; x_wconf 74' lang='lat'><strong>⁴5</strong></span> 
     </span>
    </p>
   </div>
  </div>
 </body>
</html>
