2675 4409
836 276 967 322 ΠΒ.
1010 271 1118 322 111.
1163 273 1363 322 cnm.
1410 274 1660 323 xxvnt.

633 429 948 496 Perfidum
975 429 1180 493 ridens
1206 428 1424 493 Venus
1477 434 1542 492 et
1568 429 1815 494 remisso

983 516 1172 578 Filius
1203 535 1371 577 arcu.

640 601 790 665 Mox
844 599 948 663 ubi
978 601 1121 664 lusit
1147 599 1326 663 satis:
1349 591 1692 680 Abstineto‚

633 687 828 766 Dixit,
861 686 1086 748 irarum
1117 685 1466 768 calidaeque
1497 685 1662 748 rixae

636 771 798 837 Cum
847 771 959 835 tibi
998 771 1224 834 invisus
1253 770 1579 833 laceranda
1606 769 1824 834 reddet

979 855 1220 920 Cornua
1250 861 1480 920 taurus.

635 941 810 1006 Uxor
836 939 1043 1004 invicti
1069 941 1115 1004 J
1116 941 1242 1004 ovis
1271 961 1405 1004 esse
1433 939 1669 1004 nesciat
1754 995 1764 1005 .
1856 988 1868 1001 .

630 1026 814 1091 Mitte
843 1027 1142 1109 singultus
1159 1027 1348 1102 3bene
1377 1026 1538 1089 ferre
1567 1047 1627 1088 m
1750 1041 1851 1090 am

639 1112 826 1177 Disce
855 1113 1158 1176 fortunam
1181 1131 1198 1189 3
1243 1119 1352 1174 tua
1378 1119 1583 1176 sectus
1611 1133 1681 1176 or
1720 1111 1735 1125 '

981 1197 1246 1262 Nomina
1275 1197 1480 1261 ducet.
1506 1247 1510 1249 .

771 1621 1234 1690 GARMEN
1289 1621 1727 1693 XXVIII.

633 1966 843 2032 Fns'ro
873 1965 1018 2050 quid
1046 1967 1245 2052 potius
1275 1965 1375 2030 die

548 2052 651 2119 Ne
695 2053 828 2116 tuni
856 2053 1123 2117 faciam?
1211 2053 1432 2116 Prome
1464 2050 1841 2117 reconditum

687 2138 808 2223 yde
838 2144 1087 2203 strenua
1138 2138 1487 2210 Caecubum

545 2223 943 2308 Munitaeque
975 2225 1190 2288 adhibe
1218 2226 1341 2290 vim
1368 2222 1717 2310 sapientiae.

629 2307 934 2374 Inclinare
963 2312 1275 2374 meridiem

552 2392 757 2460 Sentis
809 2415 904 2476 ac,
934 2397 1121 2460 veluti
1149 2403 1270 2460 stet
1299 2395 1559 2460 volucris
1584 2393 1738 2476 dies,

642 2480 855 2545 Parcis
885 2481 1158 2564 deripere
1187 2483 1403 2545 horreo

552 2563 907 2630 Cessantem
936 2566 1141 2630 Bibuli
1170 2567 1429 2632 consulis
1460 2566 1825 2652 amphoram.

634 2651 768 2714 Nos
796 2652 1167 2716 cantabimus
1193 2654 1454 2716 invicem

548 2735 904 2820 Neptunum
937 2744 1001 2801 et
1029 2738 1250 2802 virides
1280 2737 1618 2802 Nereidum
1646 2745 1893 2816 coma83

639 2823 733 2886 Tu
764 2843 950 2888 curva
977 2823 1211 2888 recines
1238 2826 1378 2909 lyra

547 2904 842 2971 Latonam
871 2915 935 2972 et
964 2911 1176 2973 celeris
1205 2911 1437 2994 spicula
1468 2907 1765 2993 Cynthiae
1790 2931 1809 2993 ς

643 2991 886 3058 Summo
917 2996 1178 3059 carmine
1228 3017 1385 3078 quae
1417 2993 1651 3060 Cnidon

548 3077 1002 3164 Fulgentesque
1031 3087 1201 3144 tenet
1231 3079 1533 3166 Cycladas
1584 3089 1650 3146 et
1676 3080 1930 3169 Paphon

635 3164 681 3227 J
681 3165 878 3228 unctis
906 3166 1046 3229 visit
1074 3166 1331 3230 oloribus
1357 3187 1375 3244 3

551 3246 809 3315 Dicetur
835 3251 1054 3316 merita
1080 3251 1223 3317 Nox
1250 3273 1499 3338 quoque⁴
1519 3253 1720 3320 nenia.

2212 259 2295 326 79

2228 2760 2290 2810 1⁰

2229 3191 2288 3238 15
