2675 4409
997 287 1130 334 LIB-
1175 286 1226 335 1.
1272 287 1475 336 EPIST.
1522 289 1637 337 XX.

265 440 506 517 Quodsi
548 464 671 507 non
712 440 848 506 odio
875 442 1182 527 peccantis
1213 441 1434 527 desipit
1464 464 1680 527 augur,

265 528 472 591 Carus
503 527 622 592 eris
650 529 880 592 Romae
933 528 1122 591 donec
1153 535 1214 591 te
1246 528 1488 593 deserat
1516 537 1684 593 aetas
1709 550 1727 607 3

265 613 704 677 contrectatus
733 614 835 677 ubi
863 615 1135 677 manibus
1164 614 1511 677 sordescere
1542 616 1708 698 vulgi

265 698 594 782 coeperis,
621 708 727 762 aut
755 700 947 762 tineas
977 720 1186 782 pasces
1215 700 1550 763 taciturnus
1579 701 1825 779 inerteS‚

263 786 408 848 Aut
437 786 638 868 fugies
667 784 911 849 Uticam
963 793 1070 850 aut
1095 786 1329 848 vinctus
1360 786 1613 849 mitteris
1643 786 1929 850 Ilerdam.

265 871 525 933 Ridebit
553 871 806 934 monitor
834 893 953 933 non
983 871 1324 949 exauditus,
1354 877 1427 934 ut
1460 872 1560 935 ille

267 955 397 1029 Qui
425 957 580 1019 male
611 964 922 1039 parentem
952 957 1014 1019 in
1043 977 1223 1039 rupes
1255 956 1543 1040 protrusit
1572 958 1822 1021 asellum

271 1041 522 1104 Iratus:
569 1042 704 1125 quis
733 1042 892 1105 enim
920 1042 1173 1106 invitum
1200 1062 1443 1105 servare
1472 1042 1751 1107 laboret.
1728 1042 1756 1089 Ῥ

267 1125 416 1189 Hoc
446 1146 682 1211 quoque
713 1134 774 1190 te
803 1134 1028 1207 manet,
1057 1133 1130 1190 ut
1155 1148 1374 1211 pueros
1405 1129 1702 1191 elementa
1730 1126 2047 1193 docentem

269 1211 557 1295 Occupet
587 1212 914 1276 extremis'
898 1236 961 1275 m
991 1212 1138 1276 vicis
1166 1212 1346 1277 balba.
1374 1220 1673 1276 senectus·

273 1296 438 1359 Cum
485 1298 593 1360 tibi
635 1299 724 1362 sol
761 1299 1000 1382 tepidus
1027 1299 1232 1383 plurcs
1265 1298 1599 1361 admoverit
1626 1318 1827 1380 aureS,

268 1382 689 1461 Me‚11bert1no
717 1390 928 1449 natum
955 1393 1128 1468 patre
1161 1392 1225 1447 et
1249 1384 1315 1446 in
1344 1383 1512 1446 tenui
1541 1404 1629 1466 re,

269 1468 543 1552 Majores
572 1490 800 1553 pennas
827 1470 970 1533 nido
999 1470 1338 1533 extendisse
1372 1469 1655 1553 loqueris,

269 1554 368 1617 Ut
397 1562 689 1637 qua-ntum
717 1556 924 1638 generi
954 1556 1160 1619 demas
1212 1555 1533 1627 virtutibus
1561 1554 1794 1633 addas3

271 1639 384 1703 Me
416 1640 619 1723 primis
643 1639 832 1704 Urbis
849 1641 992 1704 belli
1011 1641 1303 1724 placuisse
1335 1641 1658 1724 domique3

274 1723 558 1808 Corporis
588 1726 809 1808 exigui,
838 1748 1224 1809 praecanum,
1254 1726 1475 1789 solibus
1504 1733 1733 1809 aptum,

271 1810 469 1873 Irasci
498 1812 778 1890 celerem,
807 1819 1008 1877 tamen
1037 1819 1108 1875 ut
1136 1812 1442 1895 placabilis
1472 1832 1685 1875 essem.

269 1896 460 1960 Forte
491 1919 692 1960 meum
719 1898 770 1961 si
799 1898 934 1980 quis
963 1905 1024 1961 te
1055 1898 1504 1985 percontabitur
1531 1918 1770 1975 aevum,

271 1982 386 2045 Me
417 1991 635 2065 quater
662 1983 932 2049 undenos
959 1982 1114 2048 sciat
1139 1978 1481 2067 implevisse
1510 1982 1883 2051 Decembres

275 2066 590 2153 collegam
617 2068 914 2154 Lepidum
942 2091 1064 2156 quo
1093 2069 1265 2135 duxit
1291 2070 1519 2138 Lollius
1548 2090 1727 2139 anno

957 3072 1097 3142 18·

2228 274 2354 341 209

2209 553 2354 601 ·1o

2290 976 2349 1027 13
