2675 4409
1277 308 1625 357 CARMINUM

749 453 1000 535 Parcas,
1027 477 1141 521 nec
1171 459 1369 542 rigida
1395 465 1627 527 mollior
1652 468 1893 531 aesculo

744 539 810 602 N
812 561 882 602 ec
911 541 1143 606 Mauris
1173 546 1433 610 animum
1463 550 1661 613 mitior
1688 554 2007 635 anguibus.

741 623 888 689 Non
913 626 1026 691 hoc
1055 650 1293 713 semper
1321 634 1437 696 erit
1464 635 1679 698 liminis
1709 647 1816 700 aut
1842 660 2039 724 aquae

1001 712 1290 781 Caelestis
1318 720 1551 802 patiens
1579 721 1759 785 latus·

1095 1142 1543 1212 CARMEN
1598 1149 1757 1216 XI.

731 1483 1318 1566 MchtJR1‚——nam
1348 1494 1412 1552 te
1445 1489 1653 1555 docilis
1681 1492 1971 1576 magistro

728 1571 926 1635 Movit
951 1571 1255 1654 Amphion
1284 1574 1515 1655 lapides
1546 1581 1945 1660 canend0‚—-

729 1656 944 1741 Tuque
998 1657 1239 1718 testudo
1290 1669 1571 1723 resonare
1602 1673 1833 1748 septem

1072 1740 1306 1805 Callida
1333 1745 1557 1820 nerviS,

641 1869 650 1876 -
729 1827 867 1890 Nec
895 1828 1116 1911 loquax
1146 1827 1283 1890 olim
1313 1850 1509 1912 neque
1542 1840 1738 1914 grata,
1767 1855 1927 1900 nunc
1958 1841 2023 1900 et

719 1911 990 1976 Divitum
1021 1913 1240 1977 mensis
1271 1922 1334 1976 et
1363 1917 1555 1979 amica
1584 1920 1839 2001 templis,

657 2040 671 2046 —
717 1997 836 2062 Dic
860 1998 1064 2061 modos
1117 2000 1289 2084 Lyde
1321 2000 1537 2083 quibus
1566 2003 1891 2069 obstinatas

917 2074 930 2094 '
1054 2083 1343 2168 Applicet
1371 2107 1572 2165 aureS‚

717 2165 892 2240 Quae
946 2169 1112 2231 velut
1138 2171 1274 2234 latis
1303 2193 1462 2255 equa
1491 2172 1667 2237 trima
1697 2175 1943 2260 campis,
2028 2238 2035 2250 ,

717 2251 904 2316 Ludit
933 2255 1208 2318 exsultim
1239 2258 1569 2340 metuitque
1602 2261 1792 2342 tangi,

597 2427 605 2430 -
716 2336 1084 2422 Nuptiarum
1114 2362 1328 2424 expers
1382 2350 1445 2404 et
1476 2345 1671 2408 adhuc
1701 2352 1980 2429 protervo

1065 2423 1271 2489 Cruda
1299 2427 1531 2490 marito.

713 2505 810 2568 Tu
835 2513 1006 2590 potes
1037 2509 1225 2591 tigres
1256 2511 1618 2596 comitesque
1648 2514 1827 2578 silvas

711 2589 954 2656 Ducere
1009 2601 1072 2656 et
1101 2594 1256 2659 rivos
1285 2598 1515 2662 celeres
1544 2601 1761 2663 morari
1786 2619 1806 2679 3

714 2675 913 2742 Cessit
937 2679 1210 2744 immanis
1241 2682 1347 2745 tibi
1375 2683 1704 2748 blandienti

1048 2765 1094 2830 J
1096 2767 1288 2832 anitor
1317 2770 1490 2834 aulae

605 2871 618 2884 ·
711 2846 1033 2932 Cerberus,
1063 2855 1333 2935 quamvis
1364 2856 1577 2920 furiale
1607 2863 1850 2920 eentum

708 2932 993 2998 Muniant
1021 2957 1250 3020 angues
1279 2948 1465 3023 caput
1493 2943 1622 3024 ejus
1652 2949 1834 3024 atque

713 3017 972 3102 Spiritus
1001 3028 1171 3093 teter.
1189 3023 1506 3104 saniesque
1536 3033 1742 3088 manet

1049 3103 1172 3167 Or‘e
1205 3107 1490 3188 trilingui.

708 3185 868 3270 Quin
898 3195 961 3250 et
989 3187 1160 3252 Ixion
1191 3191 1519 3274 Tityosque
1549 3193 1723 3257 voltu

703 3271 864 3334 Risit
889 3274 1099 3353 invito,
1130 3275 1296 3338 stetit
1325 3297 1479 3339 urna
1508 3278 1774 3360 paullum

609 3371 618 3380 ’
707 3355 886 3420 Sicca
936 3359 1078 3420 dum
1109 3367 1280 3440 grato
1309 3359 1509 3423 Danai
1538 3365 1767 3445 puellas

1043 3442 1322 3508 Carmine
1353 3448 1599 3511 mulces·

702 3524 938 3588 Audiat
967 3526 1138 3610 Lyde
1165 3532 1361 3594 scelus
1392 3538 1571 3616 atque
1601 3541 1771 3600 notas

701 3608 1020 3692 virginum
1050 3634 1270 3696 poenas
1325 3624 1389 3680 et
1416 3618 1591 3682 ina-ne
1620 3622 1899 3706 lymphae

699 3694 942 3759 Dolium
969 3698 1155 3762 fundo
1183 3703 1489 3784 pereuntis
1517 3706 1655 3785 im0‚

1042 3784 1312 3872 Seraquc
1342 3789 1469 3852 fata

2393 2281 2460 2329 lo

2390 2708 2457 2757 15

2368 3550 2441 3600 22,
