2675 4409
885 288 1018 335 mn.
1065 287 1140 337 11.
1185 284 1320 337 su.
1368 286 1489 337 vn.
2142 274 2269 345 1⁷⁷

177 441 470 527 Imposita
496 441 664 507 haud
693 464 960 527 unquam
990 443 1212 510 misera
1239 442 1557 507 formidine
1587 441 1834 527 privet?

172 530 352 595 Adde
385 551 575 614 super
605 529 783 593 dictis
814 529 975 613 quod
1003 526 1124 595 non
1152 530 1347 595 levius
1376 531 1614 595 valeat:
1662 552 1803 595 nam

174 614 310 679 Sive
342 615 613 681 vicarius
631 623 738 679 'est
767 616 871 699 qui
902 637 1076 679 servo
1107 624 1304 700 paret,
1335 615 1425 678 uti
1455 637 1582 679 mos

169 700 399 766 Vester
432 701 538 781 ait,
571 724 680 766 seu
711 723 1036 765 conservus
1062 722 1080 779 ;
1127 703 1234 765 tibi
1264 702 1410 786 quid
1441 724 1574 765 sum
1606 700 1773 785 ego?
1847 702 2088 789 Nempe
2201 724 2268 775 80

170 788 258 852 Tu
287 789 442 851 mihi
473 789 578 871 qui
607 788 914 871 imperitas
945 789 1046 851 alii
1073 789 1263 851 servis
1293 788 1478 851 miser
1508 795 1691 872 atque

167 874 433 938 Duceris
463 882 536 936 ut
561 875 759 937 nervis
791 874 1000 937 alienis
1029 875 1244 937 mobile
1271 871 1525 955 lignum.

49 1026 58 1051 ι
169 960 465 1034 Quisnam
496 961 684 1043 igitur
710 960 864 1023 liber
889 959 914 1024 ’ἓ
1009 959 1406 1044 Sapiens·sibi
1437 961 1541 1043 qui
1570 960 1945 1045 imperiosae,

168 1046 364 1120 Quem
394 1068 599 1131 neque
630 1047 950 1130 pauperies
980 1068 1186 1130 neque,
1209 1068 1370 1111 mors
1398 1068 1597 1131 neque
1633 1048 1876 1113 vincula
1904 1054 2159 1129 terrent,

164 1132 556 1217 Responsare
589 1131 990 1217 cupidinibuS,
1022 1140 1408 1197 contemnere
1438 1134 1694 1197 honores
2202 1152 2269 1203 85

165 1218 390 1299 Fortis,
424 1226 491 1283 et
517 1219 581 1282 in
611 1239 677 1283 se
705 1218 835 1303 ipso
865 1225 1052 1299 totuS,
1083 1225 1268 1298 teres,
1301 1226 1485 1303 atque
1516 1218 1837 1301 rotundae,

50 1326 54 1345 ³
165 1304 425 1369 Externi
455 1326 535 1374 ne
567 1304 716 1389 quid
745 1306 946 1369 valeat
974 1327 1086 1390 per
1113 1306 1246 1371 leve
1276 1305 1521 1384 morari,

165 1390 239 1454 In
268 1412 460 1476 quem
490 1411 708 1455 manca
735 1392 860 1454 ruit
889 1412 1129 1475 semper
1157 1392 1418 1455 fortuna.
1507 1390 1771 1457 Potesne

166 1476 258 1540 Ex
285 1478 384 1541 his
415 1484 491 1541 ut
519 1477 828 1561 proprium
857 1478 1004 1561 quid
1034 1476 1331 1541 noscere?
1422 1475 1705 1562 Quinque
1736 1478 1969 1545 talenta

49 1618 53 1643 ι
165 1563 372 1627 Poscit
405 1571 470 1627 te
501 1563 741 1643 mulier,
772 1572 953 1629 vexat
979 1564 1326 1647 foribusque
1359 1565 1667 1647 repulsum
2200 1583 2266 1634 90

167 1648 498 1713 Perfundit
527 1650 752 1733 gelida,
781 1671 991 1713 rursus
1022 1658 1198 1714 vocat
1214 1670 1231 1726 ;
1277 1650 1444 1734 eripe
1477 1650 1640 1733 turpi

169 1736 335 1799 Colla
355 1738 518 1836 jugg>
543 1756 561 1813 ;
607 1736 814 1815 Liber,
843 1737 998 1799 liber
1025 1758 1182 1816 sum,
1213 1736 1308 1799 dic
1342 1757 1479 1819 age.
1570 1735 1714 1799 Non
1744 1735 1918 1819 quis;

50 1872 52 1881 .
168 1820 370 1905 Urget
401 1844 565 1886 emm
597 1822 872 1887 dominus
900 1830 1166 1886 mentem
1191 1844 1314 1888 non
1341 1822 1493 1885 lenis
1525 1829 1587 1886 et
1616 1844 1789 1887 acres

169 1906 495 1993 Subjectat
520 1908 678 1972 lasso
711 1908 980 1973 stimulos
1013 1916 1332 1991 versatque
1364 1916 1706 1991 negantem.

50 2002 52 2015 ’
165 1992 282 2057 Vel
313 2016 462 2059 eum
492 1993 793 2058 Pausiaca
827 1988 1053 2080 torpes,
1082 1994 1316 2073 insane,
1351 1996 1595 2072 tabella,
2193 2012 2265 2063 κ

168 2079 280 2153 Qui
311 2101 540 2165 peccas
573 2081 769 2143 minus
799 2088 984 2165 atque
1015 2102 1152 2165 ego,
1183 2102 1321 2144 cum
1350 2080 1530 2145 Fulvi
1562 2081 1966 2165 Rutubaeque

50 2192 52 2224 ι
167 2166 294 2229 Aut
327 2166 687 2230 Pacideiani
718 2174 1014 2231 contento,
1033 2168 1256 2252 poplite
1285 2168 1469 2231 miror

165 2252 410 2317 Proelia
439 2252 685 2316 rubrica
715 2253 878 2336 picta
908 2259 1016 2317 aut
1031 2254 1326 2333 carbone,
1358 2255 1525 2317 velut
1554 2253 1606 2315 si

167 2337 254 2403 Re
286 2360 444 2403 vera
469 2348 764 2422 pugnent,
791 2339 1039 2419 feriant,
1071 2340 1385 2424 vitentque
1416 2346 1725 2404 moventes

167 2425 360 2489 Arma
391 2424 558 2489 viri?
645 2425 931 2508 Nequam
961 2433 1026 2489 et
1055 2432 1322 2489 cessator
1352 2425 1563 2489 Davus
1588 2446 1608 2504 ;
1656 2432 1719 2489 at
1747 2425 1876 2509 ipse
2170 2446 2265 2494 100

169 2508 423 2575 Subtilis
454 2518 728 2575 veterum
749 2512 942 2596 judex
973 2518 1036 2575 et
1065 2512 1316 2575 callidus
1346 2513 1539 2576 audis,

50 2664 52 2675 ,
169 2596 272 2660 Nil
301 2619 423 2681 ego
456 2597 508 2660 si
538 2596 726 2662 ducor
753 2599 872 2663 libo
902 2598 1172 2662 fumante
1199 2622 1215 2663 ε
1265 2598 1375 2661 tibi
1403 2598 1618 2681 ingens

169 2682 385 2747 Virtus
417 2690 605 2767 atque
636 2684 868 2747 animus
899 2685 1102 2748 coenis
1132 2692 1449 2768 responsat
1478 2683 1687 2767 opimis

174 2766 549 2854 Obsequium
577 2770 808 2833 ventris
835 2770 982 2833 mihi
1009 2770 1399 2854 perniciosius
1428 2778 1523 2833 est
1553 2767 1709 2833 cur?

173 2853 369 2939 [Pergo
400 2856 635 2940 plector
665 2856 845 2921 enim.
938 2854 1058 2929 Qui
1087 2863 1156 2920 tu
1185 2856 1531 2941 impunitior
1560 2856 1665 2919 illa
2168 2872 2263 2923 105

175 2939 341 3013 Quae
371 2962 561 3027 parvo
591 2942 746 3006 sumi
776 2949 1090 3026 nequeunt
1117 2942 1363 3007 obsonia
1392 2940 1648 3027 captas?

175 3023 410 3111 Nempe
441 3028 890 3093 inamarescunt
919 3030 1134 3113 epulae
1165 3029 1296 3093 sine
1325 3030 1447 3093 fine
1479 3029 1722 3113 petitae.

176 3109 462 3197 Illusique
493 3114 680 3198 pedes
711 3116 988 3182 vitiosum
1014 3116 1175 3180 ferre
1206 3121 1494 3179 recusant

179 3196 428 3283 Corpus.
517 3201 626 3264 An
653 3201 750 3264 hic
782 3208 1018 3285 peccat,
1049 3202 1160 3265 sub
1192 3209 1431 3265 noctem
1460 3200 1565 3286 qui
1594 3221 1745 3285 puer
1773 3220 1955 3265 uvam

177 3280 427 3349 Fui-tiva
451 3294 649 3351 mutat
677 3288 930 3371 strigili:
980 3288 1084 3371 qui
1113 3288 1365 3371 praedia
1393 3287 1623 3367 vendit,
2169 3308 2263 3357 110

179 3369 278 3434 Nil
307 3373 525 3436 servile
557 3374 735 3456 gulae
765 3396 986 3457 parens
1015 3374 1201 3438 habet
1226 3373 1252 3437 *ἒ
1344 3374 1551 3453 Adde,
1582 3373 1743 3457 quod
1771 3373 1935 3437 idem

180 3455 313 3520 Non
341 3458 552 3521 horam
583 3467 784 3523 tecum
816 3482 946 3524 esse
978 3466 1172 3543 potes,
1202 3482 1323 3523 non
1354 3461 1477 3523 otia
1505 3467 1673 3523 recte

181 3540 435 3623 Ponere,
465 3551 650 3628 teque
688 3547 884 3630 ipsum
916 3546 1098 3627 vitas,
1128 3547 1419 3629 fugitivus
1452 3554 1514 3609 et
1544 3566 1703 3622 erre,

180 3627 316 3692 Jam
344 3631 485 3694 vino
517 3653 838 3714 quaer-em,
859 3634 990 3717 jam
1019 3654 1223 3697 somno
1252 3633 1466 3696 fallere
1497 3650 1748 3694 curam:

182 3712 473 3794 Frustra3
517 3739 657 3780 nam
689 3739 888 3782 comes
917 3724 1053 3783 atra
1082 3720 1300 3803 premit
1329 3718 1723 3802 sequiturque
1753 3711 2103 3797 fi1gacem.''
2171 3732 2266 3783 115

186 3802 220 3836 ‘⁴
245 3800 426 3867 Unde
457 3803 604 3867 mihi
645 3804 910 3955 lapidem
933 3804 1172 3869 ἳ”--ι·“
1193 3805 1495 3881 Quorsum
1524 3808 1619 3867 est
1648 3822 1798 3889 opus
1822 3801 2064 3866 ‘I'’--“
2080 3799 2265 3866 Unde

435 3889 690 3975 sagittas
937 3905 945 3914 ·
