2675 4409
321 243 448 310 166
1173 257 1547 308 sumnum

318 413 648 492 Aedificas,
673 411 790 476 hoc
821 417 935 492 est,
963 410 1172 495 longos
1200 412 1452 478 imitaris
1482 413 1558 477 ab
1586 412 1705 477 imo

316 499 422 563 Ad
451 520 745 562 summum
777 505 936 562 totus
965 499 1189 562 moduli
1217 499 1533 584 bipedalis,
1564 507 1627 562 et
1656 499 1817 562 idem

319 583 582 668 Corpore
612 584 896 667 majorem
927 584 1089 648 rides
1119 585 1413 649 Turbonis
1444 586 1507 649 in
1536 585 1717 650 armis

320 670 608 754 Spiritum
640 679 706 732 et
731 671 1063 733 incessum:
1111 670 1214 753 qui
1243 672 1529 736 ridiculus
1558 673 1752 734 minus
1780 670 1927 735 illo?

314 757 421 820 An
451 755 851 838 quodcunque
880 757 1028 818 facit
1055 755 1382 820 Maecenas
1412 765 1473 819 te
1505 779 1742 840 quoque
1773 779 1985 820 verum
2014 762 2109 822 est

317 842 576 904 Tantum
607 841 948 904 dissimilem
978 849 1041 903 ct
1069 849 1236 904 tanto
1267 850 1503 904 certare
1534 841 1869 906 minorem?

315 926 608 990 Absentis
638 947 820 988 ranae
852 928 1028 1010 pullis
1057 927 1228 989 vituli
1257 927 1412 1010 pede
1443 929 1688 1011 pressis,

315 1012 496 1077 Unus
524 1012 627 1075 ubi
659 1013 889 1096 effugit,
918 1011 1095 1074 matri
1125 1011 1433 1091 denarrat,
1464 1021 1532 1074 ut
1561 1012 1775 1096 ingens

314 1096 535 1162 Bellua
563 1106 848 1180 cognatos
877 1098 1122 1160 eliserit.
1211 1097 1330 1160 Illa
1358 1120 1607 1182 rogare:

316 1183 634 1258 Quantane
663 1181 689 1246 ‘3
734 1205 876 1246 num
907 1191 1160 1263 tantum,
1191 1184 1433 1250 sufflan's
1460 1203 1551 1263 se,
1579 1205 1801 1271 magna
1828 1184 2087 1249 fuisset?

313 1269 518 1354 Major
547 1269 807 1331 dimidio.
898 1268 1064 1332 Num
1095 1265 1310 1333 tanto?
1402 1269 1555 1334 Cum
1586 1269 1779 1354 magis
1806 1279 1989 1354 atquo

321 1353 403 1418 Se
433 1355 624 1436 magis
651 1354 906 1432 inflaret,
936 1355 1080 1418 Non
1109 1356 1160 1418 si
1192 1363 1250 1418 te
1282 1357 1535 1440 ruperis,
1564 1355 1780 1440 inquit,

319 1439 446 1504 Par
475 1441 610 1503 eris.
701 1439 876 1503 Haec
907 1461 944 1502 a
975 1448 1035 1503 te
1064 1461 1183 1504 non
1211 1444 1467 1504 multum
1496 1442 1726 1505 abludit
1754 1441 1971 1524 imago.

315 1524 500 1589 Adde
530 1528 809 1608 poemata
838 1546 1022 1602 nunc,
1051 1525 1163 1588 hoc
1195 1534 1312 1605 est,
1344 1528 1540 1589 oleum
1570 1527 1727 1590 adde
1758 1528 2030 1605 camin03

317 1609 489 1684 Quae
520 1609 572 1673 si
602 1611 736 1692 quis
764 1630 946 1672 sanus
975 1610 1122 1673 fecit
1151 1632 1331 1674 sanus
1361 1613 1511 1675 facis
1540 1621 1603 1676 et
1633 1620 1721 1675 tu.

315 1695 458 1758 Non
489 1693 624 1758 dico
651 1695 1010 1758 horrendam
1040 1697 1284 1759 rabiem.
1373 1697 1419 1760 J
1422 1720 1517 1762 am
1548 1697 1818 1760 desine.”
1909 1696 2155 1762 Cultum

314 1780 612 1863 Majorem
641 1799 846 1842 censu.
939 1781 1198 1862 Teneas,
1227 1782 1618 1867 Dama-sippe,
1648 1783 1768 1848 tuis
1798 1791 1881 1849 te.

315 1865 485 1930 Mille
516 1865 872 1949 puellarum,
901 1887 1223 1950 puerorum
1252 1871 1413 1933 mille
1445 1870 1701 1933 furores·

318 1949 374 2016 Ο
404 1953 593 2037 major
621 1951 865 2016 tandem
894 1974 1131 2039 parcae,
1161 1955 1394 2036 insane,
1424 1953 1667 2021 minori!

1111 2087 1599 2272 ÷>s-

1038 2387 1455 2454 SATIRA
1527 2386 1669 2453 IV.

2303 609 2403 662 310

2304 1013 2403 1063 315

315 2565 357 2600 “
381 2561 583 2628 ΠΝΒΕ
614 2568 678 2627 et
705 2583 825 2647 quo
855 2559 1065 2625 Catius
1089 2557 1118 2622 2
1138 2558 1180 2590 '’
1269 2562 1312 2596 “
1340 2557 1483 2622 Non
1517 2567 1609 2621 est
1635 2557 1781 2620 mihi
1811 2564 2048 2644 tempus
2078 2561 2281 2636 amnti
2362 2623 2371 2628 ,

313 2647 549 2727 Ponere
577 2649 752 2730 signa
778 2647 948 2710 novis
977 2645 1341 2730 praecepti8‚
1373 2644 1574 2728 qualia
1605 2632 1850 2707 vincllnt

314 2733 706 2818 Pythagoran
733 2733 1051 2818 Anytique
1081 2753 1252 2794 reum
1284 2731 1645 2813 doctumque
1677 2729 1954 2794 Platona.

313 2824 356 2857 “
375 2821 700 2883 Peccatum
731 2819 926 2882 fateor
955 2839 1093 2880 cum
1124 2824 1184 2880 te
1216 2816 1302 2880 sic
1333 2824 1601 2899 tempore
1630 2816 1801 2879 laevo

312 2903 349 2968 I
394 2905 754 2987 terpellarim
778 2924 794 2978 ;
840 2903 947 2966 sed
979 2903 1086 2986 des
1115 2901 1352 2964 veniam
1380 2902 1570 2982 bonus
1600 2922 1723 2962 oro.

314 2927 489 3062 (2¹:358
519 2989 569 3052 si
599 2988 971 3050 interciderit
1000 2987 1107 3073 tibi
1135 3007 1296 3048 nunc
1327 2984 1552 3068 aliquid
1583 2991 1821 3067 repetes
1850 3005 2009 3067 mox,
2058 3053 2117 3082 5--

317 3071 458 3135 Sive
489 3081 582 3135 est
608 3081 859 3135 naturae
890 3068 1004 3134 hb'c'
1029 3066 1157 3134 'sive
1189 3070 1358 3149 artie,
1388 3069 1572 3131 mirus
1601 3071 1927 3152 utroque.'{
1966 3071 2059 3144 ’.Ψ

313 3161 354 3194 “
379 3156 536 3229 Quin
568 3157 631 3218 id
661 3164 793 3220 erat
822 3177 1003 3220 curae
1034 3178 1152 3239 quo
1183 3163 1360 3238 pacto
1392 3161 1611 3244 cuncta
1642 3111 1934 3234 tenereffl,
2086 3161 2092 3168 ’

312 3240 547 3323 Utpote
577 3261 676 3325 res
705 3249 917 3303 tenues
949 3242 1114 3303 tenui
1144 3261 1417 3304 sermone
1448 3239 1787 3322 peractas.''

312 3332 353 3365 “
379 3327 511 3390 Ede
541 3326 792 3390 hominis
820 3347 1058 3406 nomen,
1088 3326 1263 3389 simul
1293 3335 1359 3389 et
1386 3326 1691 3388 Romanus
1722 3347 1798 3388 an
1827 3325 2113 3409 hospes.'’

303 3419 356 3465 -“
379 3413 526 3500 Ipsa
553 3434 779 3476 memor
807 3419 1134 3496 praecepta
1163 3432 1399 3490 canam,
1431 3411 1725 3474 celabitur
1754 3419 1988 3476 auctor.
2064 3449 2125 3496 *5-

313 3499 526 3583 Longa
554 3521 593 3582 q
639 3499 770 3571 ibus
801 3497 986 3581 facies
1015 3499 1140 3561 ovis
1171 3497 1286 3560 erit
1315 3497 1419 3560 illa
1447 3504 1769 3576 memento,

314 3584 409 3652 Ut
437 3587 597 3648 succ'
686 3573 895 3647 elidius
921 3594 984 3647 et
1010 3591 1081 3647 ut
1108 3583 1300 3665 magis
1331 3583 1468 3646 alba
1497 3582 1792 3661 rotundis,

313 3670 590 3748 Poner03
633 3691 894 3753 namque
924 3691 1150 3733 marem
1180 3669 1461 3732 cohibent
1490 3670 1709 3731 callosa
1737 3668 2029 3733 vitellum.

319 3754 507 3820 Caule
536 3755 875 3820 suburbano
905 3755 1010 3839 qui
1039 3756 1213 3821 siccis
1243 3755 1434 3822 crevit
1461 3755 1523 3817 in
1554 3752 1717 3837 agris

2364 2925 2395 2974 5

2332 3351 2393 3400 10

2566 2591 2595 2621 ἦ

2629 556 2648 723 a*

2466 2627 2478 2647 f
2570 2615 2658 2646 §1

2351 2651 2597 2706 «εὶ,-

1963 2729 2006 2760 ²2
2024 2653 2324 2774 NQN‘L
2378 2708 2385 2717 “

2106 2760 2394 2853 -30W
