<?xml version="1.0" encoding="UTF-8"?>
<!DOCTYPE html PUBLIC "-//W3C//DTD XHTML 1.0 Transitional//EN"
    "http://www.w3.org/TR/xhtml1/DTD/xhtml1-transitional.dtd">
<html xmlns="http://www.w3.org/1999/xhtml" xml:lang="en" lang="en">
 <head>
  <title>
</title>
<meta http-equiv="Content-Type" content="text/html;charset=utf-8" />
  <meta name='ocr-system' content='tesseract 3.04.00' />
  <meta name='ocr-capabilities' content='ocr_page ocr_carea ocr_par ocr_line ocrx_word'/>
</head>
<body>
  <div class='ocr_page' id='page_1' title='image "./workshorace01chasgoog_0225.png"; bbox 0 0 2675 4409; ppageno 0'>
   <div class='ocr_carea' id='block_1_1' title="bbox 953 859 1941 939">
    <p class='ocr_par' dir='ltr' id='par_1_1' title="bbox 953 859 1941 939">
     <span class='ocr_line' id='line_1_1' title="bbox 953 859 1941 939; baseline -0.001 -11"><span class='ocrx_word' id='word_1_1' title='bbox 953 861 1032 939; x_wconf 86' lang='lat' dir='ltr'><strong>Q.</strong></span> <span class='ocrx_word' id='word_1_2' title='bbox 1088 860 1467 928; x_wconf 76' lang='lat' dir='ltr'>HORA&#39;HI</span> <span class='ocrx_word' id='word_1_3' title='bbox 1518 859 1841 927; x_wconf 77' lang='lat' dir='ltr'>FLAOOI</span> <span class='ocrx_word' id='word_1_4' title='bbox 1932 894 1941 899; x_wconf 91' lang='lat'><strong>·</strong></span> 
     </span>
    </p>
   </div>
   <div class='ocr_carea' id='block_1_2' title="bbox 603 1082 2167 1175">
    <p class='ocr_par' dir='ltr' id='par_1_2' title="bbox 603 1082 2167 1175">
     <span class='ocr_line' id='line_1_2' title="bbox 603 1082 2167 1175; baseline 0 0"><span class='ocrx_word' id='word_1_5' title='bbox 603 1082 2167 1175; x_wconf 90' lang='lat' dir='ltr'><strong>EPISTOLARUM</strong></span> 
     </span>
    </p>
   </div>
   <div class='ocr_carea' id='block_1_3' title="bbox 1053 1352 1752 1411">
    <p class='ocr_par' dir='ltr' id='par_1_3' title="bbox 1053 1352 1752 1411">
     <span class='ocr_line' id='line_1_3' title="bbox 1053 1352 1752 1411; baseline 0 -2"><span class='ocrx_word' id='word_1_6' title='bbox 1053 1353 1281 1411; x_wconf 81' lang='lat' dir='ltr'><strong>LIBER</strong></span> <span class='ocrx_word' id='word_1_7' title='bbox 1327 1352 1752 1409; x_wconf 86' lang='lat' dir='ltr'><strong>SECUNDUS.</strong></span> 
     </span>
    </p>
   </div>
   <div class='ocr_carea' id='block_1_4' title="bbox 1248 1588 1560 1637">
    <p class='ocr_par' dir='ltr' id='par_1_4' title="bbox 1248 1588 1560 1637">
     <span class='ocr_line' id='line_1_4' title="bbox 1248 1588 1560 1637; baseline -0.003 -17"><span class='ocrx_word' id='word_1_8' title='bbox 1248 1588 1560 1637; x_wconf 52' lang='lat'><strong>4.</strong></span> 
     </span>
    </p>
   </div>
   <div class='ocr_carea' id='block_1_5' title="bbox 669 1752 1741 1875">
    <p class='ocr_par' dir='ltr' id='par_1_5' title="bbox 669 1752 1741 1875">
     <span class='ocr_line' id='line_1_5' title="bbox 669 1752 1741 1875; baseline -0.005 0"><span class='ocrx_word' id='word_1_9' title='bbox 669 1760 781 1875; x_wconf 60' lang='lat' dir='ltr'><strong>‘l‘</strong></span> <span class='ocrx_word' id='word_1_10' title='bbox 1054 1803 1603 1873; x_wconf 74' lang='lat' dir='ltr'>EPISTOLA</span> <span class='ocrx_word' id='word_1_11' title='bbox 1670 1752 1741 1871; x_wconf 36' lang='lat'><strong>1⁶.</strong></span> 
     </span>
    </p>
   </div>
   <div class='ocr_carea' id='block_1_6' title="bbox 363 1977 2493 3862">
    <p class='ocr_par' dir='ltr' id='par_1_6' title="bbox 363 1977 1773 2062">
     <span class='ocr_line' id='line_1_6' title="bbox 363 1977 1773 2062; baseline -0.003 -15"><span class='ocrx_word' id='word_1_12' title='bbox 363 1983 513 2048; x_wconf 75' lang='lat' dir='ltr'><strong>CUM</strong></span> <span class='ocrx_word' id='word_1_13' title='bbox 553 1986 647 2045; x_wconf 76' lang='lat' dir='ltr'><strong>tot</strong></span> <span class='ocrx_word' id='word_1_14' title='bbox 689 1977 992 2045; x_wconf 76' lang='lat' dir='ltr'><strong>sustineas</strong></span> <span class='ocrx_word' id='word_1_15' title='bbox 1029 1985 1096 2043; x_wconf 90' lang='lat' dir='ltr'><strong>et</strong></span> <span class='ocrx_word' id='word_1_16' title='bbox 1120 1984 1293 2043; x_wconf 86' lang='lat' dir='ltr'><strong>tanta</strong></span> <span class='ocrx_word' id='word_1_17' title='bbox 1317 1978 1565 2062; x_wconf 82' lang='lat' dir='ltr'><strong>negotia</strong></span> <span class='ocrx_word' id='word_1_18' title='bbox 1590 1978 1773 2059; x_wconf 87' lang='lat' dir='ltr'><strong>solus,</strong></span> 
     </span>
    </p>

    <p class='ocr_par' dir='ltr' id='par_1_7' title="bbox 367 2064 1703 2144">
     <span class='ocr_line' id='line_1_7' title="bbox 367 2064 1703 2144; baseline -0.004 -11"><span class='ocrx_word' id='word_1_19' title='bbox 367 2070 494 2134; x_wconf 90' lang='lat' dir='ltr'><strong>Res</strong></span> <span class='ocrx_word' id='word_1_20' title='bbox 520 2068 711 2131; x_wconf 81' lang='lat' dir='ltr'><strong>Italas</strong></span> <span class='ocrx_word' id='word_1_21' title='bbox 739 2065 920 2130; x_wconf 83' lang='lat' dir='ltr'><strong>armis</strong></span> <span class='ocrx_word' id='word_1_22' title='bbox 949 2066 1186 2144; x_wconf 88' lang='lat' dir='ltr'><strong>tuteris,</strong></span> <span class='ocrx_word' id='word_1_23' title='bbox 1213 2064 1476 2128; x_wconf 90' lang='lat' dir='ltr'><strong>moribus</strong></span> <span class='ocrx_word' id='word_1_24' title='bbox 1502 2084 1703 2144; x_wconf 87' lang='lat' dir='ltr'><strong>ornes,</strong></span> 
     </span>
    </p>

    <p class='ocr_par' dir='ltr' id='par_1_8' title="bbox 365 2150 1953 2237">
     <span class='ocr_line' id='line_1_8' title="bbox 365 2150 1953 2237; baseline -0.003 -18"><span class='ocrx_word' id='word_1_25' title='bbox 365 2154 632 2237; x_wconf 79' lang='lat' dir='ltr'><strong>Legibus</strong></span> <span class='ocrx_word' id='word_1_26' title='bbox 661 2151 968 2232; x_wconf 82' lang='lat' dir='ltr'><strong>emendes,</strong></span> <span class='ocrx_word' id='word_1_27' title='bbox 995 2150 1061 2214; x_wconf 89' lang='lat' dir='ltr'><strong>in</strong></span> <span class='ocrx_word' id='word_1_28' title='bbox 1089 2150 1333 2235; x_wconf 87' lang='lat' dir='ltr'><strong>publica</strong></span> <span class='ocrx_word' id='word_1_29' title='bbox 1362 2150 1675 2213; x_wconf 86' lang='lat' dir='ltr'><strong>commoda</strong></span> <span class='ocrx_word' id='word_1_30' title='bbox 1703 2170 1953 2234; x_wconf 79' lang='lat' dir='ltr'><strong>peccem</strong></span> 
     </span>
    </p>

    <p class='ocr_par' dir='ltr' id='par_1_9' title="bbox 370 2233 1906 2323">
     <span class='ocr_line' id='line_1_9' title="bbox 370 2233 1906 2323; baseline -0.004 -19"><span class='ocrx_word' id='word_1_31' title='bbox 370 2240 439 2305; x_wconf 81' lang='lat' dir='ltr'><strong>Si</strong></span> <span class='ocrx_word' id='word_1_32' title='bbox 466 2242 643 2323; x_wconf 90' lang='lat' dir='ltr'><strong>longo</strong></span> <span class='ocrx_word' id='word_1_33' title='bbox 674 2260 948 2303; x_wconf 85' lang='lat' dir='ltr'><strong>sermone</strong></span> <span class='ocrx_word' id='word_1_34' title='bbox 976 2259 1174 2302; x_wconf 89' lang='lat' dir='ltr'><strong>morer</strong></span> <span class='ocrx_word' id='word_1_35' title='bbox 1201 2244 1310 2301; x_wconf 86' lang='lat' dir='ltr'><strong>tua</strong></span> <span class='ocrx_word' id='word_1_36' title='bbox 1335 2242 1629 2319; x_wconf 72' lang='lat' dir='ltr'><strong>tempora,</strong></span> <span class='ocrx_word' id='word_1_37' title='bbox 1658 2233 1906 2299; x_wconf 80' lang='lat' dir='ltr'><strong>Caesar.</strong></span> 
     </span>
    </p>

    <p class='ocr_par' dir='ltr' id='par_1_10' title="bbox 365 2304 2493 2665">
     <span class='ocr_line' id='line_1_10' title="bbox 368 2304 2444 2402; baseline -0.002 -13"><span class='ocrx_word' id='word_1_38' title='bbox 368 2326 671 2389; x_wconf 86' lang='lat' dir='ltr'><strong>Romulus</strong></span> <span class='ocrx_word' id='word_1_39' title='bbox 715 2332 780 2389; x_wconf 90' lang='lat' dir='ltr'><strong>et</strong></span> <span class='ocrx_word' id='word_1_40' title='bbox 823 2322 1010 2387; x_wconf 87' lang='lat' dir='ltr'><strong>Liber</strong></span> <span class='ocrx_word' id='word_1_41' title='bbox 1133 2331 1232 2387; x_wconf 91' lang='lat' dir='ltr'><strong>ter</strong></span> <span class='ocrx_word' id='word_1_42' title='bbox 1273 2330 1338 2387; x_wconf 90' lang='lat' dir='ltr'><strong>et</strong></span> <span class='ocrx_word' id='word_1_43' title='bbox 1372 2342 1511 2387; x_wconf 87' lang='lat' dir='ltr'><strong>cum</strong></span> <span class='ocrx_word' id='word_1_44' title='bbox 1539 2319 1789 2385; x_wconf 76' lang='lat' dir='ltr'><strong>Castore</strong></span> <span class='ocrx_word' id='word_1_45' title='bbox 1818 2320 2056 2402; x_wconf 83' lang='lat' dir='ltr'><strong>Pollux,</strong></span> <span class='ocrx_word' id='word_1_46' title='bbox 2169 2304 2315 2349; x_wconf 41' lang='grc' dir='ltr'>Χ</span> <span class='ocrx_word' id='word_1_47' title='bbox 2408 2344 2444 2394; x_wconf 68' lang='grc' dir='ltr'>ι</span> 
     </span>
     <span class='ocr_line' id='line_1_11' title="bbox 365 2407 2493 2493; baseline -0.003 -20"><span class='ocrx_word' id='word_1_48' title='bbox 365 2410 516 2473; x_wconf 88' lang='lat' dir='ltr'><strong>Post</strong></span> <span class='ocrx_word' id='word_1_49' title='bbox 541 2409 812 2493; x_wconf 86' lang='lat' dir='ltr'><strong>ingentia</strong></span> <span class='ocrx_word' id='word_1_50' title='bbox 836 2408 1001 2472; x_wconf 81' lang='lat' dir='ltr'><strong>facta</strong></span> <span class='ocrx_word' id='word_1_51' title='bbox 1069 2429 1276 2471; x_wconf 90' lang='lat' dir='ltr'><strong>eorum</strong></span> <span class='ocrx_word' id='word_1_52' title='bbox 1303 2407 1369 2469; x_wconf 92' lang='lat' dir='ltr'><strong>in</strong></span> <span class='ocrx_word' id='word_1_53' title='bbox 1390 2407 1621 2489; x_wconf 86' lang='lat' dir='ltr'><strong>templa</strong></span> <span class='ocrx_word' id='word_1_54' title='bbox 1647 2407 1902 2489; x_wconf 82' lang='lat' dir='ltr'><strong>recepti,</strong></span> <span class='ocrx_word' id='word_1_55' title='bbox 2484 2410 2493 2415; x_wconf 85' lang='grc'><strong>’</strong></span> 
     </span>
     <span class='ocr_line' id='line_1_12' title="bbox 365 2492 2109 2576; baseline -0.002 -16"><span class='ocrx_word' id='word_1_56' title='bbox 365 2494 534 2560; x_wconf 91' lang='lat' dir='ltr'><strong>Dum</strong></span> <span class='ocrx_word' id='word_1_57' title='bbox 559 2502 755 2559; x_wconf 82' lang='lat' dir='ltr'><strong>terras</strong></span> <span class='ocrx_word' id='word_1_58' title='bbox 781 2494 1203 2576; x_wconf 87' lang='lat' dir='ltr'><strong>hominumque</strong></span> <span class='ocrx_word' id='word_1_59' title='bbox 1232 2493 1437 2555; x_wconf 90' lang='lat' dir='ltr'><strong>colunt</strong></span> <span class='ocrx_word' id='word_1_60' title='bbox 1464 2511 1678 2573; x_wconf 86' lang='lat' dir='ltr'><strong>genus,</strong></span> <span class='ocrx_word' id='word_1_61' title='bbox 1706 2512 1923 2575; x_wconf 85' lang='lat' dir='ltr'><strong>aspera</strong></span> <span class='ocrx_word' id='word_1_62' title='bbox 1947 2492 2109 2557; x_wconf 85' lang='lat' dir='ltr'><strong>bella</strong></span> 
     </span>
     <span class='ocr_line' id='line_1_13' title="bbox 369 2576 1901 2665; baseline -0.003 -20"><span class='ocrx_word' id='word_1_63' title='bbox 369 2582 770 2665; x_wconf 86' lang='lat' dir='ltr'><strong>Componunt,</strong></span> <span class='ocrx_word' id='word_1_64' title='bbox 799 2600 977 2664; x_wconf 86' lang='lat' dir='ltr'><strong>agros</strong></span> <span class='ocrx_word' id='word_1_65' title='bbox 1005 2579 1334 2663; x_wconf 76' lang='lat' dir='ltr'><strong>assignant,</strong></span> <span class='ocrx_word' id='word_1_66' title='bbox 1364 2576 1583 2661; x_wconf 82' lang='lat' dir='ltr'><strong>oppida</strong></span> <span class='ocrx_word' id='word_1_67' title='bbox 1610 2576 1901 2659; x_wconf 90' lang='lat' dir='ltr'><strong>condunt,</strong></span> 
     </span>
    </p>

    <p class='ocr_par' dir='ltr' id='par_1_11' title="bbox 367 2664 2443 2923">
     <span class='ocr_line' id='line_1_14' title="bbox 367 2664 2293 2749; baseline -0.003 -19"><span class='ocrx_word' id='word_1_68' title='bbox 367 2667 694 2731; x_wconf 87' lang='lat' dir='ltr'><strong>Ploravere</strong></span> <span class='ocrx_word' id='word_1_69' title='bbox 723 2666 846 2730; x_wconf 91' lang='lat' dir='ltr'><strong>suis</strong></span> <span class='ocrx_word' id='word_1_70' title='bbox 874 2687 994 2730; x_wconf 88' lang='lat' dir='ltr'><strong>non</strong></span> <span class='ocrx_word' id='word_1_71' title='bbox 1021 2664 1384 2749; x_wconf 89' lang='lat' dir='ltr'><strong>respondere</strong></span> <span class='ocrx_word' id='word_1_72' title='bbox 1412 2664 1677 2727; x_wconf 81' lang='lat' dir='ltr'><strong>favorem</strong></span> <span class='ocrx_word' id='word_1_73' title='bbox 2266 2716 2293 2735; x_wconf 78' lang='grc'><em>,</em></span> 
     </span>
     <span class='ocr_line' id='line_1_15' title="bbox 371 2748 2443 2837; baseline -0.001 -20"><span class='ocrx_word' id='word_1_74' title='bbox 371 2751 694 2837; x_wconf 85' lang='lat' dir='ltr'><strong>Speratum</strong></span> <span class='ocrx_word' id='word_1_75' title='bbox 721 2751 970 2816; x_wconf 89' lang='lat' dir='ltr'><strong>meritis.</strong></span> <span class='ocrx_word' id='word_1_76' title='bbox 1058 2750 1272 2815; x_wconf 90' lang='lat' dir='ltr'><strong>Diram</strong></span> <span class='ocrx_word' id='word_1_77' title='bbox 1299 2749 1405 2833; x_wconf 92' lang='lat' dir='ltr'><strong>qui</strong></span> <span class='ocrx_word' id='word_1_78' title='bbox 1432 2749 1705 2813; x_wconf 90' lang='lat' dir='ltr'><strong>contudit</strong></span> <span class='ocrx_word' id='word_1_79' title='bbox 1728 2748 1985 2834; x_wconf 82' lang='lat' dir='ltr'><strong>hydram</strong></span> <span class='ocrx_word' id='word_1_80' title='bbox 2382 2770 2443 2820; x_wconf 83' lang='lat'><strong>1⁰</strong></span> 
     </span>
     <span class='ocr_line' id='line_1_16' title="bbox 369 2835 1686 2923; baseline -0.002 -22"><span class='ocrx_word' id='word_1_81' title='bbox 369 2838 657 2923; x_wconf 76' lang='lat' dir='ltr'><strong>Notaque</strong></span> <span class='ocrx_word' id='word_1_82' title='bbox 687 2838 857 2902; x_wconf 83' lang='lat' dir='ltr'><strong>fatali</strong></span> <span class='ocrx_word' id='word_1_83' title='bbox 888 2844 1166 2921; x_wconf 86' lang='lat' dir='ltr'><strong>portenta</strong></span> <span class='ocrx_word' id='word_1_84' title='bbox 1191 2837 1396 2900; x_wconf 87' lang='lat' dir='ltr'><strong>labore</strong></span> <span class='ocrx_word' id='word_1_85' title='bbox 1424 2835 1686 2919; x_wconf 78' lang='lat' dir='ltr'><strong>subegit,</strong></span> 
     </span>
    </p>

    <p class='ocr_par' dir='ltr' id='par_1_12' title="bbox 370 2921 1727 3007">
     <span class='ocr_line' id='line_1_17' title="bbox 370 2921 1727 3007; baseline -0.002 -20"><span class='ocrx_word' id='word_1_86' title='bbox 370 2924 680 3007; x_wconf 86' lang='lat' dir='ltr'><strong>Comperit</strong></span> <span class='ocrx_word' id='word_1_87' title='bbox 707 2923 992 2985; x_wconf 82' lang='lat' dir='ltr'><strong>invidiam</strong></span> <span class='ocrx_word' id='word_1_88' title='bbox 1019 2943 1298 3006; x_wconf 88' lang='lat' dir='ltr'><strong>supremo</strong></span> <span class='ocrx_word' id='word_1_89' title='bbox 1325 2922 1447 2983; x_wconf 90' lang='lat' dir='ltr'><strong>fine</strong></span> <span class='ocrx_word' id='word_1_90' title='bbox 1478 2921 1727 2984; x_wconf 83' lang='lat' dir='ltr'><strong>domari.</strong></span> 
     </span>
    </p>

    <p class='ocr_par' dir='ltr' id='par_1_13' title="bbox 373 3008 1847 3090">
     <span class='ocr_line' id='line_1_18' title="bbox 373 3008 1847 3090; baseline -0.002 -18"><span class='ocrx_word' id='word_1_91' title='bbox 373 3009 516 3073; x_wconf 87' lang='lat' dir='ltr'><strong>Urit</strong></span> <span class='ocrx_word' id='word_1_92' title='bbox 545 3009 702 3071; x_wconf 90' lang='lat' dir='ltr'><strong>enim</strong></span> <span class='ocrx_word' id='word_1_93' title='bbox 730 3008 962 3090; x_wconf 86' lang='lat' dir='ltr'><strong>fulgore</strong></span> <span class='ocrx_word' id='word_1_94' title='bbox 997 3028 1104 3070; x_wconf 91' lang='lat' dir='ltr'><strong>suo</strong></span> <span class='ocrx_word' id='word_1_95' title='bbox 1157 3008 1262 3090; x_wconf 90' lang='lat' dir='ltr'><strong>qui</strong></span> <span class='ocrx_word' id='word_1_96' title='bbox 1294 3012 1657 3090; x_wconf 83' lang='lat' dir='ltr'><strong>praegravat</strong></span> <span class='ocrx_word' id='word_1_97' title='bbox 1684 3010 1847 3069; x_wconf 80' lang='lat' dir='ltr'><strong>artes</strong></span> 
     </span>
    </p>

    <p class='ocr_par' dir='ltr' id='par_1_14' title="bbox 370 3089 2447 3346">
     <span class='ocr_line' id='line_1_19' title="bbox 372 3089 2195 3176; baseline -0.003 -20"><span class='ocrx_word' id='word_1_98' title='bbox 372 3095 548 3157; x_wconf 83' lang='lat' dir='ltr'><strong>Infra</strong></span> <span class='ocrx_word' id='word_1_99' title='bbox 573 3115 638 3156; x_wconf 91' lang='lat' dir='ltr'><strong>se</strong></span> <span class='ocrx_word' id='word_1_100' title='bbox 668 3093 928 3176; x_wconf 89' lang='lat' dir='ltr'><strong>positas;</strong></span> <span class='ocrx_word' id='word_1_101' title='bbox 973 3092 1304 3155; x_wconf 86' lang='lat' dir='ltr'><strong>exstinctus</strong></span> <span class='ocrx_word' id='word_1_102' title='bbox 1333 3091 1631 3153; x_wconf 85' lang='lat' dir='ltr'><strong>amabitur</strong></span> <span class='ocrx_word' id='word_1_103' title='bbox 1655 3089 1836 3153; x_wconf 75' lang='lat' dir='ltr'><strong>idem.</strong></span> <span class='ocrx_word' id='word_1_104' title='bbox 2192 3128 2195 3131; x_wconf 89' lang='lat'><strong>·</strong></span> 
     </span>
     <span class='ocr_line' id='line_1_20' title="bbox 372 3176 2447 3259; baseline -0.002 -18"><span class='ocrx_word' id='word_1_105' title='bbox 372 3179 690 3241; x_wconf 85' lang='lat' dir='ltr'><strong>Praesenti</strong></span> <span class='ocrx_word' id='word_1_106' title='bbox 717 3178 826 3240; x_wconf 89' lang='lat' dir='ltr'><strong>tibi</strong></span> <span class='ocrx_word' id='word_1_107' title='bbox 851 3184 1118 3239; x_wconf 88' lang='lat' dir='ltr'><strong>maturos</strong></span> <span class='ocrx_word' id='word_1_108' title='bbox 1143 3176 1435 3259; x_wconf 87' lang='lat' dir='ltr'><strong>largimur</strong></span> <span class='ocrx_word' id='word_1_109' title='bbox 1461 3176 1738 3256; x_wconf 79' lang='lat' dir='ltr'><strong>honoreS,</strong></span> <span class='ocrx_word' id='word_1_110' title='bbox 2384 3197 2447 3245; x_wconf 86' lang='lat'><strong>15</strong></span> 
     </span>
     <span class='ocr_line' id='line_1_21' title="bbox 370 3261 1869 3346; baseline 0 -20"><span class='ocrx_word' id='word_1_111' title='bbox 370 3263 799 3346; x_wconf 80' lang='lat' dir='ltr'><strong>Jurandasque</strong></span> <span class='ocrx_word' id='word_1_112' title='bbox 829 3269 1001 3325; x_wconf 90' lang='lat' dir='ltr'><strong>tuum</strong></span> <span class='ocrx_word' id='word_1_113' title='bbox 1027 3283 1138 3344; x_wconf 89' lang='lat' dir='ltr'><strong>per</strong></span> <span class='ocrx_word' id='word_1_114' title='bbox 1163 3283 1382 3325; x_wconf 89' lang='lat' dir='ltr'><strong>nomen</strong></span> <span class='ocrx_word' id='word_1_115' title='bbox 1410 3261 1681 3345; x_wconf 89' lang='lat' dir='ltr'><strong>ponimus</strong></span> <span class='ocrx_word' id='word_1_116' title='bbox 1711 3282 1869 3343; x_wconf 83' lang='lat' dir='ltr'><strong>aras,</strong></span> 
     </span>
    </p>

    <p class='ocr_par' dir='ltr' id='par_1_15' title="bbox 373 3348 1799 3426">
     <span class='ocr_line' id='line_1_22' title="bbox 373 3348 1799 3426; baseline -0.001 -14"><span class='ocrx_word' id='word_1_117' title='bbox 373 3349 481 3412; x_wconf 86' lang='lat' dir='ltr'><strong>Nil</strong></span> <span class='ocrx_word' id='word_1_118' title='bbox 509 3349 800 3413; x_wconf 89' lang='lat' dir='ltr'><strong>oriturum</strong></span> <span class='ocrx_word' id='word_1_119' title='bbox 830 3348 1000 3426; x_wconf 84' lang='lat' dir='ltr'><strong>alias,</strong></span> <span class='ocrx_word' id='word_1_120' title='bbox 1028 3348 1114 3411; x_wconf 91' lang='lat' dir='ltr'><strong>nil</strong></span> <span class='ocrx_word' id='word_1_121' title='bbox 1142 3355 1340 3411; x_wconf 90' lang='lat' dir='ltr'><strong>ortum</strong></span> <span class='ocrx_word' id='word_1_122' title='bbox 1368 3348 1489 3412; x_wconf 87' lang='lat' dir='ltr'><strong>tale</strong></span> <span class='ocrx_word' id='word_1_123' title='bbox 1516 3348 1799 3411; x_wconf 87' lang='lat' dir='ltr'><strong>fatentes.</strong></span> 
     </span>
    </p>

    <p class='ocr_par' dir='ltr' id='par_1_16' title="bbox 377 3433 2027 3518">
     <span class='ocr_line' id='line_1_23' title="bbox 377 3433 2027 3518; baseline -0.002 -19"><span class='ocrx_word' id='word_1_124' title='bbox 377 3434 506 3499; x_wconf 89' lang='lat' dir='ltr'><strong>Sed</strong></span> <span class='ocrx_word' id='word_1_125' title='bbox 549 3442 692 3498; x_wconf 90' lang='lat' dir='ltr'><strong>tuus</strong></span> <span class='ocrx_word' id='word_1_126' title='bbox 736 3434 833 3498; x_wconf 91' lang='lat' dir='ltr'><strong>hic</strong></span> <span class='ocrx_word' id='word_1_127' title='bbox 879 3434 1159 3518; x_wconf 84' lang='lat' dir='ltr'><strong>populus,</strong></span> <span class='ocrx_word' id='word_1_128' title='bbox 1202 3433 1445 3518; x_wconf 85' lang='lat' dir='ltr'><strong>sapiens</strong></span> <span class='ocrx_word' id='word_1_129' title='bbox 1483 3441 1547 3497; x_wconf 89' lang='lat' dir='ltr'><strong>et</strong></span> <span class='ocrx_word' id='word_1_130' title='bbox 1564 3434 1766 3518; x_wconf 85' lang='lat' dir='ltr'><strong>justus</strong></span> <span class='ocrx_word' id='word_1_131' title='bbox 1794 3434 1858 3497; x_wconf 89' lang='lat' dir='ltr'><strong>in</strong></span> <span class='ocrx_word' id='word_1_132' title='bbox 1887 3454 2027 3517; x_wconf 89' lang='lat' dir='ltr'><strong>uno,</strong></span> 
     </span>
    </p>

    <p class='ocr_par' dir='ltr' id='par_1_17' title="bbox 373 3519 1778 3599">
     <span class='ocr_line' id='line_1_24' title="bbox 373 3519 1778 3599; baseline -0.001 -15"><span class='ocrx_word' id='word_1_133' title='bbox 373 3522 461 3585; x_wconf 77' lang='lat' dir='ltr'><strong>Te</strong></span> <span class='ocrx_word' id='word_1_134' title='bbox 491 3521 708 3583; x_wconf 85' lang='lat' dir='ltr'><strong>nostris</strong></span> <span class='ocrx_word' id='word_1_135' title='bbox 735 3519 1010 3598; x_wconf 75' lang='lat' dir='ltr'><strong>ducibuS,</strong></span> <span class='ocrx_word' id='word_1_136' title='bbox 1039 3526 1102 3583; x_wconf 84' lang='lat' dir='ltr'><strong>te</strong></span> <span class='ocrx_word' id='word_1_137' title='bbox 1135 3519 1334 3583; x_wconf 88' lang='lat' dir='ltr'><strong>Graiis</strong></span> <span class='ocrx_word' id='word_1_138' title='bbox 1366 3519 1778 3599; x_wconf 81' lang='lat' dir='ltr'><strong>anteferendo‚</strong></span> 
     </span>
    </p>

    <p class='ocr_par' dir='ltr' id='par_1_18' title="bbox 373 3606 2453 3774">
     <span class='ocr_line' id='line_1_25' title="bbox 376 3606 2453 3690; baseline 0 -19"><span class='ocrx_word' id='word_1_139' title='bbox 376 3608 600 3671; x_wconf 87' lang='lat' dir='ltr'><strong>Cetera</strong></span> <span class='ocrx_word' id='word_1_140' title='bbox 627 3627 1010 3690; x_wconf 81' lang='lat' dir='ltr'><strong>nequaquam</strong></span> <span class='ocrx_word' id='word_1_141' title='bbox 1036 3606 1212 3669; x_wconf 86' lang='lat' dir='ltr'><strong>simili</strong></span> <span class='ocrx_word' id='word_1_142' title='bbox 1240 3606 1472 3670; x_wconf 84' lang='lat' dir='ltr'><strong>ratione</strong></span> <span class='ocrx_word' id='word_1_143' title='bbox 1496 3606 1791 3689; x_wconf 87' lang='lat' dir='ltr'><strong>modoque</strong></span> <span class='ocrx_word' id='word_1_144' title='bbox 2386 3623 2453 3672; x_wconf 75' lang='lat'><strong>2⁰</strong></span> 
     </span>
     <span class='ocr_line' id='line_1_26' title="bbox 373 3692 1855 3774; baseline -0.002 -19"><span class='ocrx_word' id='word_1_145' title='bbox 373 3694 701 3772; x_wconf 79' lang='lat' dir='ltr'><strong>Aestimat,</strong></span> <span class='ocrx_word' id='word_1_146' title='bbox 734 3698 800 3754; x_wconf 92' lang='lat' dir='ltr'><strong>et</strong></span> <span class='ocrx_word' id='word_1_147' title='bbox 820 3692 935 3755; x_wconf 89' lang='lat' dir='ltr'><strong>nisi</strong></span> <span class='ocrx_word' id='word_1_148' title='bbox 963 3713 1119 3774; x_wconf 86' lang='lat' dir='ltr'><strong>quae</strong></span> <span class='ocrx_word' id='word_1_149' title='bbox 1148 3692 1327 3755; x_wconf 84' lang='lat' dir='ltr'><strong>terris</strong></span> <span class='ocrx_word' id='word_1_150' title='bbox 1356 3700 1585 3756; x_wconf 83' lang='lat' dir='ltr'><strong>semota</strong></span> <span class='ocrx_word' id='word_1_151' title='bbox 1611 3692 1855 3773; x_wconf 89' lang='lat' dir='ltr'><strong>suisque</strong></span> 
     </span>
    </p>

    <p class='ocr_par' dir='ltr' id='par_1_19' title="bbox 375 3776 1847 3862">
     <span class='ocr_line' id='line_1_27' title="bbox 375 3776 1847 3862; baseline -0.001 -21"><span class='ocrx_word' id='word_1_152' title='bbox 375 3778 767 3862; x_wconf 81' lang='lat' dir='ltr'><strong>Temporibus</strong></span> <span class='ocrx_word' id='word_1_153' title='bbox 795 3778 1083 3843; x_wconf 81' lang='lat' dir='ltr'><strong>defuncta</strong></span> <span class='ocrx_word' id='word_1_154' title='bbox 1109 3777 1299 3860; x_wconf 84' lang='lat' dir='ltr'><strong>videt,</strong></span> <span class='ocrx_word' id='word_1_155' title='bbox 1326 3778 1561 3844; x_wconf 85' lang='lat' dir='ltr'><strong>fastidit</strong></span> <span class='ocrx_word' id='word_1_156' title='bbox 1589 3784 1653 3841; x_wconf 88' lang='lat' dir='ltr'><strong>et</strong></span> <span class='ocrx_word' id='word_1_157' title='bbox 1680 3776 1847 3855; x_wconf 80' lang='lat' dir='ltr'><strong>odit3</strong></span> 
     </span>
    </p>
   </div>
  </div>
 </body>
</html>
