2675 4409
397 289 524 354 118

1182 307 1433 355 EPODON
1476 307 1689 354 LIBER.

746 462 1017 529 Candide
1045 462 1395 543 Maecenas,
1424 461 1647 526 occidis
1676 481 1855 546 saepe
1885 459 2152 544 rogando
2175 476 2192 523 t

828 549 1021 627 Deus»,
1052 548 1201 611 deus
1228 553 1368 610 narn
1397 569 1492 611 me
1525 555 1690 610 vetat

741 636 1047 716 InceptoS‚
1078 635 1213 696 olim
1244 635 1597 718 promissum
1626 653 1890 711 carmen,
1918 631 2144 696 iambos

829 720 931 784 Ad
962 720 1302 781 umbilicum
1333 719 1655 781 adducere.

743 805 886 870 Non
917 805 1091 867 aliter
1124 803 1321 866 Samio
1353 805 1560 866 dicunt
1589 804 1804 867 arsisse
1835 802 2119 886 Bathyllo

825 889 1214 952 Anacreonta
1246 889 1480 966 -Tei'um,

744 975 862 1050 Qui
892 995 1179 1058 persaepe
1212 991 1364 1037 cava
1393 974 1692 1037 testudine
1719 973 1888 1036 flevit
1917 992 2180 1036 amorem

828 1061 891 1123 N
894 1083 969 1123 on
1000 1061 1368 1123 elaboratum
1398 1060 1476 1122 ad
1506 1060 1742 1142 pedem.
2027 1049 2076 1070 '⁸'

568 1197 588 1218 .
711 1151 715 1155 ’
740 1147 955 1210 Ureris
984 1146 1109 1229 ipse
1141 1145 1356 1207 miser:
1423 1143 1639 1228 quodsi
1675 1167 1795 1208 non
1823 1142 2124 1228 pulchrior
2150 1141 2306 1226 ignis

827 1231 1133 1295 Accendit
1160 1231 1459 1293 obsessam
1481 1231 1659 1309 Ilion,

744 1315 959 1382 Gaude
990 1325 1149 1380 sorte
1182 1324 1329 1393 tua3
1374 1335 1470 1378 me
1501 1314 1780 1378 libertina
1829 1333 2027 1400 neque
2056 1331 2177 1378 uno

829 1401 1128 1466 Contenta
1178 1398 1426 1486 Phryne
1455 1407 1742 1465 macerat.

1087 1819 1543 1892 GARMEN
1617 1827 1789 1896 XV.

655 2169 808 2236 Nox
838 2175 971 2232 erat
1022 2175 1084 2234 et
1112 2170 1278 2233 caelo
1307 2170 1580 2254 fulgebat
1629 2170 1777 2234 luna
1803 2189 2018 2235 sereno

737 2255 908 2319 Inter
936 2255 1165 2319 minora
1194 2256 1415 2335 sidera,

659 2336 816 2424 Cum
856 2348 929 2403 tu
968 2359 1327 2423 magnorum
1387 2361 1609 2403 numen
1637 2341 1875 2406 laesura
1904 2341 2153 2406 deorum

741 2425 819 2489 In
848 2428 1034 2490 verba
1052 2427 1302 2508 jurabas
1329 2447 1488 2504 mea,

651 2511 874 2576 Artius
919 2517 1103 2594 atque
1146 2512 1378 2576 hedera
1424 2527 1672 2594 procera
1701 2511 2094 2596 adstringitur
2120 2513 2266 2596 ilex,

738 2597 947 2660 Lentis
978 2596 1310 2660 adhaerens
1340 2596 1637 2661 brachiis:

653 2682 818 2748 Dum
852 2683 1050 2765 pecori
1081 2685 1257 2766 lupus
1312 2690 1376 2745 et
1403 2683 1600 2746 nautis
1629 2682 1883 2747 infestus
1913 2681 2100 2747 Orion

737 2767 1035 2830 Turbaret
1063 2769 1377 2832 hibernum
1405 2789 1595 2847 mare,

650 2851 1047 2937 Intonsosque
1080 2854 1340 2936 agitaret
1369 2853 1666 2938 Apollinis
1696 2874 1846 2919 aura
1873 2854 2140 2940 capi1105‚

737 2936 894 3000 Fore
927 2939 1085 3002 hunc
1117 2961 1379 3003 amorem
1407 2948 1700 3003 mutuum.

656 3021 711 3086 Ο
743 3022 1000 3086 dolitura
1027 3045 1164 3087 mea
1192 3025 1446 3087 multum
1476 3025 1698 3086 virtute
1729 3024 1976 3088 Neaera
1998 3022 2042 3090 l.

738 3107 901 3171 Nam
952 3110 1002 3172 si
1032 3109 1177 3192 quid
1204 3108 1267 3172 in
1295 3109 1516 3172 Flacco
1547 3109 1657 3170 viri
1687 3116 1800 3188 est,

602 3223 611 3228 ·
654 3192 798 3257 Non
826 3194 983 3256 feret
1012 3194 1281 3256 assiduas
1313 3193 1527 3276 potiori
1551 3201 1616 3256 te
1642 3194 1787 3257 dare
1817 3200 2049 3276 noctes,
2158 3201 2162 3205 ’

738 3277 823 3340 Et
851 3286 1105 3361 quaeret
1132 3279 1320 3340 iratus
1350 3299 1584 3362 parem,

652 3363 789 3428 Nec
814 3363 998 3424 semel
1028 3363 1283 3425 offensae
1316 3363 1493 3425 cedet
1523 3363 1856 3428 constantia
1882 3365 2132 3449 formae,

743 3446 810 3511 Si
840 3455 1041 3510 certus
1068 3447 1307 3510 intrarit
1336 3448 1522 3511 dolor.

658 3529 742 3595 Et
772 3538 861 3610 tu,
892 3533 1231 3615 quicunque
1265 3553 1329 3595 es
1357 3534 1586 3598 felicior
1637 3540 1818 3620 atque
1847 3557 1982 3601 meo
2010 3557 2172 3601 nunc

747 3615 1053 3702 Superbus
1082 3618 1309 3682 incedis
1336 3620 1515 3699 ma10‚

624 3703 629 3707 ’
655 3700 751 3767 Sis
781 3723 995 3785 pecore
1028 3710 1090 3766 et
1118 3704 1308 3767 multa
1340 3705 1505 3768 dives
1539 3707 1748 3770 tellure
1777 3706 1984 3770 licebit

737 3788 989 3873 Tibique
1021 3789 1304 3854 Pactolus
1331 3791 1502 3874 fluat,

2417 907 2478 956 10

2414 1331 2473 1381 Ιδ

2417 2959 2473 3008 1⁰

2414 3385 2472 3434 15
