2675 4409
277 280 292 291 ·
351 249 478 320 128
1175 260 1567 320 'mummi

349 425 614 491 Nomina
641 428 912 488 sectatur
939 423 1116 488 modo
1145 430 1389 510 sumpta
1418 429 1587 488 veste
1618 424 1775 490 virili

351 511 479 576 Sub
509 511 780 594 patribus
810 509 977 574 duris
1006 511 1284 574 tironum.
1376 510 1669 589 Maxime,
1698 511 1832 595 quis
1862 535 2006 594 non,

348 595 392 662 J
397 595 663 682 uppiter!
712 597 1010 660 exclamat
1037 597 1212 660 simul
1242 604 1425 681 atque
1456 597 1734 662 audivit?
1822 600 1916 664 At
1942 601 2005 664 in
2036 621 2103 665 se

346 683 470 747 Pro
499 689 758 767 quaestu
787 689 1091 767 sumptum
1120 682 1269 746 facit
1297 685 1417 747 hic.
1507 683 1634 747 Vix
1663 684 1915 750 credere
1946 688 2139 770 possis

348 770 543 843 Quam
573 769 685 832 sibi
714 789 834 833 non
863 768 943 832 sit
971 769 1219 849 amicus,
1249 770 1335 833 ita
1364 777 1435 832 ut
1462 777 1637 853 pater
1664 770 1765 834 ille
1797 769 2045 838 Terenti

346 856 580 919 Fabula
609 876 792 938 quem
820 855 1104 918 miserum
1134 862 1318 938 gnato
1350 855 1567 918 vixisse
1598 856 1809 938 fugato

345 941 593 1005 Inducit
620 963 740 1004 non
770 961 834 1004 se
865 941 1038 1024 pejus
1069 941 1435 1005 cruciaverit
1462 949 1645 1025 atque
1675 943 1792 1005 hic.
2021 1000 2030 1008 .

349 1027 416 1091 Si
445 1028 580 1112 quis
609 1049 769 1091 nunc
801 1031 1077 1110 quaerat,
1110 1025 1244 1100 Quo
1272 1049 1372 1091 res
1400 1028 1552 1091 haec
1585 1028 1898 1111 pertinet?
1940 1031 2123 1097 illuct

344 1113 509 1178 Dum
540 1113 733 1176 vitant
765 1113 934 1177 stulti
965 1113 1110 1176 vitia
1136 1113 1200 1176 in
1229 1114 1532 1177 contraria
1560 1122 1831 1178 currunt.

344 1199 638 1263 Maltinus
668 1199 888 1262 tunicis
918 1198 1530 1276 demissisaambulat3
1576 1205 1671 1263 est
1700 1201 1805 1284 qui

343 1285 584 1369 Inguen
615 1284 694 1348 ad
722 1285 1084 1349 obscoenum
1113 1286 1426 1350 subductis
1453 1283 1647 1370 usque
1676 1286 1911 1354 facetus
1936 1307 1957 1365 3

342 1371 624 1436 Pastillos
657 1371 916 1436 Rufillus
945 1372 1090 1452 olet,
1121 1371 1464 1456 Gargonius
1491 1372 1745 1437 hircum.

343 1457 452 1521 Nil
481 1457 746 1520 medium
776 1464 890 1541 est,
984 1456 1142 1521 Sunt
1171 1459 1276 1542 qui
1305 1459 1499 1522 nolint
1526 1459 1797 1541 tetigisse
1826 1458 1942 1524 nisi
1969 1460 2107 1527 illas

344 1543 615 1617 Quarum
645 1544 896 1606 subsuta
924 1544 1078 1607 talos
1107 1549 1281 1626 tegat
1306 1545 1517 1608 instita
1546 1553 1714 1610 veste
1740 1565 1759 1623 3

344 1628 571 1692 Contra
599 1628 751 1692 alius
779 1630 1006 1692 nullam
1035 1628 1150 1691 nisi
1179 1631 1366 1694 olenti
1393 1631 1456 1693 in
1483 1631 1713 1695 fornice
1744 1637 2023 1696 stantem.

343 1713 603 1786 Quidam
631 1721 808 1778 notus
837 1715 1012 1778 homo
1043 1734 1180 1777 cum
1211 1716 1407 1780 exiret
1434 1717 1685 1797 fornice,
1716 1723 1753 1758 ‘⁴
1769 1715 1979 1784 Macte

340 1799 589 1863 Virtute
621 1798 816 1880 esto,’'
847 1799 1046 1884 inquit
1071 1803 1375 1866 sententia
1403 1803 1505 1866 dia
1534 1803 1798 1868 Catonis.

339 1885 504 1950 Nam
533 1887 707 1949 simul
737 1906 809 1950 ac
839 1908 1026 1950 venas
1053 1887 1285 1951 inflavit
1314 1897 1477 1953 tetra
1504 1889 1687 1953 libido

339 1971 484 2035 Huc
504 1973 765 2056 juvenes
795 1993 1056 2056 aequum
1087 1982 1182 2036 est
1211 1974 1605 2055 descendere,
1634 1997 1755 2039 non
1785 1975 2011 2040 alienas

339 2057 684 2121 Permolere
714 2080 951 2122 uxores.
1041 2063 1081 2096 “
1103 2059 1310 2123 Nolim
1342 2061 1709 2141 laudarier,”
1741 2061 1961 2145 inquit,

339 2148 380 2180 “
416 2141 517 2207 Sic
547 2144 710 2224 me‚”
743 2144 992 2208 mirator
1021 2147 1204 2209 cunni
1236 2146 1606 2231 Cupiennius
1636 2147 1776 2210 albi.
1865 2164 1874 2169 ·

337 2229 578 2292 Audire
610 2237 704 2293 est
733 2251 951 2314 operae
982 2233 1264 2315 pretium,
1296 2233 1625 2316 procedere
1656 2244 1824 2296 recte

339 2313 458 2388 Qui
487 2316 765 2380 moechos
794 2338 914 2380 non
943 2317 1147 2398 vultiS,
1177 2326 1248 2381 ut
1279 2319 1439 2382 omni
1467 2325 1647 2402 parte
1670 2318 1945 2383 laborent
1969 2339 1987 2398 ;

335 2399 549 2484 thue
579 2401 697 2464 illis
726 2403 914 2466 multo
944 2411 1229 2488 corrupta
1259 2404 1463 2468 dolore
1495 2405 1792 2488 voluptas,

334 2488 547 2570 Atque
575 2488 728 2551 haec
758 2509 920 2568 rara,
950 2488 1130 2551 cadat
1159 2489 1314 2552 dura
1342 2490 1501 2552 inter
1530 2511 1711 2573 saepe
1742 2490 1987 2573 pericla.

333 2572 458 2637 Hic
489 2595 554 2637 se
584 2573 975 2658 praecipitem
1008 2581 1168 2638 tecto
1197 2574 1407 2652 dedit3
1450 2576 1549 2638 ille
1578 2576 1833 2658 flagellis

334 2659 441 2722 Ad
471 2667 724 2723 mortem
756 2681 970 2724 caesus
997 2680 1015 2736 ;
1059 2661 1300 2744 fugiens
1327 2661 1429 2725 hic
1459 2661 1691 2725 decidit
1718 2682 1924 2726 acrem

333 2745 718 2810 Praedonum
747 2745 810 2808 in
839 2746 1113 2823 turbam3
1157 2747 1329 2811 dedit
1356 2746 1455 2812 hic
1484 2769 1595 2831 pro
1625 2769 1873 2831 corpore
1902 2768 2209 2828 nummos3

332 2831 518 2896 Hunc
552 2831 1007 2916 perminxerunt
1035 2834 1316 2910 calones;
1364 2833 1510 2917 quin
1541 2835 1722 2898 etiam
1756 2833 1907 2898 illud

330 2918 602 2998 Accidit,
631 2926 701 2981 ut
730 2917 976 3000 quidam
1007 2925 1194 2982 testes
1223 2919 1599 3002 caudamque
1627 2920 1890 2983 salacem

331 3003 688 3068 Demeteret
716 3004 896 3066 ferro.
985 3003 1031 3067 J
1031 3025 1142 3066 ure
1174 3024 1422 3081 omnes3
1470 3004 1667 3068 Galba
1694 3005 1975 3088 negabat.

331 3088 544 3151 Tutior
574 3096 638 3150 at
667 3095 892 3171 quanto
920 3109 1091 3151 merx
1121 3096 1215 3152 est
1241 3090 1306 3152 in
1336 3090 1527 3153 classe
1558 3092 1847 3173 secunda,

331 3173 778 3236 Libertinarum
807 3173 964 3253 dico,
997 3171 1320 3238 Sallustius
1348 3176 1413 3238 in
1443 3197 1593 3259 quas

331 3258 474 3322 Non
504 3259 700 3327 minus
729 3259 950 3322 insanit
979 3280 1162 3342 quam
1191 3261 1294 3344 qui
1323 3263 1691 3327 moechatur.
1778 3265 1870 3328 At
1899 3263 1994 3328 hic
2024 3265 2076 3328 si

333 3343 470 3418 Qua
499 3365 619 3424 res,
650 3365 771 3428 qua
800 3345 951 3408 ratio
981 3346 1289 3426 suaderet,
1319 3369 1559 3432 quaque
1590 3349 1860 3415 modeste

330 3430 622 3495 Munifico
653 3453 784 3495 esse
817 3431 982 3513 licet,
1007 3434 1190 3496 vellet
1216 3435 1408 3498 bonus
1439 3444 1621 3520 atque
1654 3437 1951 3519 benignus

331 3517 509 3597 Esse,
541 3518 717 3582 daret
746 3526 1040 3602 quantum
1069 3521 1216 3583 satis
1247 3528 1411 3584 esset
1438 3543 1553 3585 nec
1583 3523 1696 3586 sibi
1726 3523 1943 3585 damno

329 3601 755 3690 Dedecorique
785 3605 968 3668 foret,
1054 3605 1288 3671 Verum
1317 3608 1432 3671 hoc
1463 3629 1528 3672 se
1560 3608 1944 3691 amplectitur
1971 3629 2116 3688 uno,

329 3687 471 3755 Hoc
501 3698 666 3755 amat
695 3697 760 3755 et
786 3691 1032 3756 laudat:
1079 3695 1122 3730 ‘⁴
1137 3693 1482 3757 Matronam
1511 3695 1736 3757 nullam
1766 3715 1881 3778 ego
1910 3693 2157 3779 tango?

329 3772 426 3841 Ut
451 3777 752 3862 quondam
783 3777 1125 3864 Marsaeus,
1156 3787 1389 3846 amator
1421 3779 1688 3864 Originis
1715 3779 1841 3863 ille,

2363 2513 2439 2564 40
