2675 4409
971 276 1099 323 ns.
1144 276 1190 323 1.
1232 275 1432 324 musr.
1476 278 1645 327 xv11.
2226 266 2351 331 203

254 433 332 501 N
331 456 400 499 ec
429 434 583 499 vixit
606 432 764 496 male
794 430 897 516 qui
925 437 1103 495 natus
1131 432 1511 517 moriensque
1540 432 1771 497 fefellit.
2292 459 2353 507 ιο
2390 468 2397 473 -

258 521 334 585 Si
363 520 649 606 prodesse
679 520 800 582 tuis
830 519 1125 603 pauloque
1156 518 1517 601 benignius
1500 540 1695 602 1psum

253 608 352 671 Te
382 615 648 671 tractare
681 606 864 683 voleS,
896 604 1150 667 accedes
1181 605 1377 667 siccus
1408 606 1484 667 ad
1514 611 1785 669 unctum.

255 697 300 731 “
331 692 399 755 Si
429 691 759 777 pranderet
783 691 914 753 olus
947 691 1249 775 patienter
1277 690 1521 773 regibus
1550 691 1643 753 uti

254 777 474 842 Nollet
503 778 875 861 Aristippus,
881 776 922 807 ”
995 780 1039 813 ‘⁴
1067 774 1133 838 Si
1161 776 1345 839 sciret
1374 776 1615 858 regibus
1646 776 1737 839 uti

253 863 596 928 Fastidiret
624 864 752 925 olus
781 862 886 945 qui
915 882 1010 925 me
1039 861 1279 924 notat-'⁹
1369 860 1587 925 Utrius
1616 862 1827 925 horum
2293 886 2351 935 15

253 950 478 1014 Verba
505 948 720 1033 probes
747 954 814 1010 et
841 950 1005 1011 facta
1033 946 1206 1026 doce,
1237 946 1385 1009 vel
1354 948 1560 1030 Junior
1590 948 1733 1009 audi

255 1034 392 1099 Cur
420 1036 500 1097 sit
529 1034 825 1117 Aristippi
855 1034 1050 1117 potior
1077 1034 1377 1096 sententia
1403 1053 1421 1109 ;
1464 1053 1726 1116 namque

251 1120 619 1185 Mordacem
652 1119 945 1204 Cynicum
975 1118 1060 1181 sic
1093 1118 1405 1197 eludebat,
1436 1125 1505 1180 ut
1534 1119 1745 1181 aiunt:

251 1212 300 1245 ‘⁶
331 1207 592 1269 Scurror
621 1227 734 1289 ego
763 1206 891 1288 ipse
921 1205 1087 1286 mihi,
1117 1204 1337 1287 populo
1367 1211 1435 1266 tu
1461 1224 1478 1280 ;
1524 1204 1751 1267 rectius
1783 1204 1897 1267 hoc
1930 1210 1995 1268 et

253 1292 658 1376 Splendidius
688 1292 874 1356 multo
905 1297 1018 1353 est.
1108 1290 1322 1373 Equus
1353 1296 1422 1352 ut
1449 1311 1545 1352 me
1576 1295 1798 1374 portet,
1830 1291 1955 1355 alat
1982 1311 2117 1373 rex,
2288 1310 2353 1360 20

254 1378 546 1442 Officium
574 1378 771 1440 facio:
820 1384 886 1439 tu
915 1376 1110 1460 poscis
1141 1376 1282 1439 vilia
1309 1396 1537 1455 rerum,
2006 1428 2011 1433 .

249 1464 469 1528 Dant-e
499 1463 693 1526 minor
721 1464 995 1546 quamvis
1023 1462 1148 1525 fers
1177 1468 1239 1523 te
1269 1462 1491 1524 nullius
1523 1460 1873 1544 egentem.’'

252 1550 478 1614 Omnis
507 1549 887 1633 Aristippum
918 1548 1124 1611 decuit
1153 1548 1314 1611 color
1344 1556 1407 1609 et
1436 1554 1629 1610 status
1660 1554 1723 1610 et
1752 1566 1873 1629 res,

250 1636 627 1699 Tentantem
655 1635 904 1718 majora,
934 1635 1062 1697 fere
1092 1633 1507 1717 praesentibus
1538 1653 1815 1717 aequum.

252 1721 495 1785 Contra
523 1742 704 1804 quem
735 1719 960 1803 duplici
991 1740 1187 1803 panno
1218 1718 1511 1802 patientia
1539 1720 1703 1783 velat
2285 1740 2353 1789 25

249 1807 537 1871 Mirabor
566 1806 724 1869 vitae
756 1806 855 1869 via
883 1806 934 1871 si
967 1825 1260 1869 conversa
1290 1804 1547 1867 decebit.

248 1894 446 1956 Alter
475 1914 843 1976 purpureum
871 1913 989 1955 non
1023 1890 1397 1974 exspectabit
1427 1890 1735 1969 amictum,

151 2033 162 2038 -
249 1977 573 2051 Quidlibet
600 1978 844 2041 indutus
876 1977 1264 2040 celeberrima
1291 1998 1401 2075 per
1427 1977 1561 2039 loca
1591 1976 1793 2058 vadet,

249 2063 712 2147 Personamque
744 2065 902 2126 feret
931 2084 1049 2126 non
1082 2062 1473 2125 inconcinnus
1502 2071 1861 2147 utramque3
1959 2070 1969 2080 '
2450 2128 2457 2135 ,

250 2151 446 2213 Alter
474 2148 670 2213 Mileti
702 2156 929 2211 textam
959 2170 1109 2211 cane
1140 2149 1312 2232 pejus
1344 2156 1407 2210 et
1436 2150 1619 2231 angui
1764 2218 1767 2223 ,
2289 2169 2352 2220 ω

249 2235 502 2298 Vitabit
531 2234 932 2333 chlamydem,
963 2234 1249 2296 morietur
1277 2234 1501 2316 frigore
1531 2234 1583 2297 si
1611 2256 1730 2297 non

248 2319 598 2383 Rettuleris
627 2341 912 2404 pannum.
1002 2320 1192 2382 Refer
1220 2327 1285 2382 et
1313 2321 1441 2382 sine
1473 2320 1634 2383 vivat
1662 2320 1917 2404 ineptus.

248 2406 388 2470 Res
421 2427 635 2489 gerere
666 2413 728 2468 et
757 2412 965 2489 captos
995 2404 1311 2469 ostendere
1344 2406 1572 2469 civibus
1602 2406 1803 2471 hostes

249 2492 533 2575 Attingit
562 2492 771 2555 solium
797 2491 843 2553 J
846 2508 972 2555 ovis
1002 2499 1066 2555 et
1095 2492 1379 2555 caelestia
1410 2499 1643 2555 tentat:

251 2577 642 2662 Principibus
673 2576 971 2660 placuisse
1001 2578 1144 2641 viris
1172 2599 1291 2639 non
1324 2577 1535 2639 ultima
1562 2577 1693 2641 laus
1724 2583 1837 2641 est.
2283 2596 2349 2645 95

253 2662 406 2727 Non
437 2663 624 2727 cuivis
653 2663 876 2726 homini
905 2663 1200 2747 contingit
1229 2663 1395 2725 adire
1429 2661 1801 2725 Corinthum.

259 2747 440 2812 Sedit
469 2749 571 2832 qui
601 2748 802 2811 timuit
829 2770 906 2811 ne
936 2770 1056 2811 non
1085 2748 1459 2813 succederet.
1548 2747 1741 2813 Esto.
1724 2747 1739 2794 ¹

257 2832 424 2908 Quid
453 2834 558 2918 qui
584 2834 882 2919 pervenit,
913 2833 1136 2898 fecitne
1167 2832 1465 2897 viriliter?
1540 2832 1739 2917 Atqui

255 2918 382 2983 Hic
417 2928 510 2983 est
539 2927 647 2983 aut
674 2941 970 3003 nusquam
1000 2920 1161 3003 quod
1191 2919 1554 3003 quaerimus
1645 2920 1769 2985 Hic
1800 2940 1949 2985 onus
1976 2918 2207 3000 horret,

255 3004 348 3070 Ut
377 3007 578 3089 parvis
608 3006 819 3068 animis
849 3012 914 3067 et
942 3027 1126 3089 parvo
1157 3026 1405 3088 corpore
1434 3007 1655 3090 majus:
2278 3024 2345 3073 4ο

255 3028 418 3154 Hicp
413 3092 574 3155 subit
603 3098 667 3153 et
695 3092 948 3175 perfert.
1037 3091 1172 3154 Aut
1200 3091 1391 3154 virtus
1418 3112 1634 3156 nomen
1662 3092 1839 3156 inane
1871 3098 1987 3174 est,

253 3177 393 3241 Aut
422 3176 606 3240 decus
639 3184 702 3239 et
729 3177 989 3260 pretium
1016 3184 1184 3240 recte
1215 3176 1368 3260 petit
1396 3178 1711 3262 experiens
1740 3180 1849 3243 vir.

256 3260 479 3325 Coram
506 3281 652 3345 rege
683 3283 794 3325 suo
823 3263 901 3325 de
931 3270 1287 3346 paupertate
1321 3269 1593 3328 tacentes

254 3346 406 3412 Plus
437 3356 718 3448 poscente
751 3348 989 3425 serent3
1037 3350 1220 3412 distat
1252 3368 1529 3413 sumasne
1560 3350 1861 3434 pudenter

253 3433 362 3497 An
393 3435 608 3517 rapias.
699 3435 894 3517 Atqui
923 3456 1124 3497 rerum
1155 3443 1343 3517 caput
1370 3436 1483 3499 hoc
1516 3444 1669 3514 erat,
1700 3437 1796 3497 hic'
1828 3435 1977 3497 fons.
2274 3452 2339 3503 45

253 3523 297 3557 “
328 3518 614 3583 Indotata
642 3520 787 3582 mihi
815 3542 982 3583 soror
1011 3528 1124 3599 est,
1153 3522 1522 3604 paupercula
1549 3528 1767 3599 mater,

252 3603 342 3669 Et
370 3604 596 3669 fundus
623 3626 738 3669 nec
768 3605 1120 3669 vendibilis
1107 3627 1222 3669 nec
1253 3628 1503 3688 pascere
1532 3605 1805 3685 firmuS‚”

255 3688 378 3764 Qui
407 3690 575 3770 dicit,
607 3693 850 3771 clamat,
893 3696 934 3729 ‘⁶
958 3691 1207 3755 Victum
1237 3692 1449 3755 datess'
1544 3690 1817 3755 Succinit
1844 3691 2037 3757 alter:

255 3780 296 3817 “
319 3776 406 3841 Et
433 3739 576 3841 mihi
606 3777 848 3845 dividuo
875 3778 1140 3844 findetur
1168 3798 1415 3841 munere
1445 3776 1739 3860 quadra-'⁹
