2675 4409
324 260 452 324 184
1137 216 1582 322 nrrsromuu

319 428 385 492 A
413 431 688 512 praetore
718 424 866 506 dati,
895 445 1098 489 rerum
1127 424 1322 488 tutela
1358 443 1629 488 mearum

323 513 477 577 Cum
507 513 586 576 sis
617 519 680 574 et
707 532 891 596 prave
922 517 1152 574 sectum
1185 510 1571 575 stomacheris
1602 510 1675 574 ob
1705 530 1971 593 unguem

321 598 419 663 De
449 606 510 661 te
542 597 880 682 pendentis,
913 604 974 659 te
1004 596 1379 680 respicientis
1409 596 1604 661 amici.
2308 613 2397 666 me

408 683 516 745 Ad
544 703 868 746 summam:
915 681 1153 765 sapiens
1183 703 1302 744 uno
1329 681 1523 744 minor
1551 687 1645 744 est
1670 681 1851 760 Jove,
1881 679 2073 762 dich,

323 768 528 848 Liber,
558 769 902 847 honoratuS,
931 768 1206 851 pulcher,
1237 788 1347 830 rex
1377 767 1635 849 denique
1666 785 1917 850 regum3

323 854 660 939 Praecipue
691 874 894 935 sanus,
923 853 1037 917 nisi
1065 875 1202 918 cum
1234 853 1452 938 pituita
1481 854 1732 916 molesta
1773 858 1887 916 est.

960 1273 1546 1342 EPISTOLA
1633 1272 1767 1340 11.

325 1449 617 1514 TROJANI
643 1447 786 1512 belli
815 1447 1187 1530 scriptorem,
1217 1445 1473 1510 maxime
1505 1445 1683 1525 Lolli,

320 1535 486 1600 Dum
514 1541 583 1597 tu
612 1534 912 1598 declamas
943 1533 1170 1596 Romae
1225 1531 1556 1596 Praeneste
1592 1530 1824 1614 relegi3

322 1619 442 1693 Qui
492 1618 638 1702 quid
665 1619 745 1682 sit
771 1617 1109 1701 pulchrum,
1139 1614 1288 1697 quid
1317 1623 1517 1698 turpe,
1548 1616 1695 1700 quid
1722 1615 1892 1696 utile,
1922 1613 2069 1701 quid
2096 1638 2239 1700 non,

320 1704 569 1768 Planius
599 1724 670 1766 ac
698 1703 910 1766 melius
941 1700 1277 1784 Chrysippo
1309 1708 1374 1764 et
1404 1699 1697 1765 Crantore
1728 1701 1896 1765 dicit.

322 1789 450 1852 Gur
476 1789 564 1852 ita
593 1788 972 1869 crediderim,
1001 1786 1116 1850 nisi
1146 1785 1290 1869 quid
1317 1793 1380 1848 te
1412 1785 1643 1849 detinet
1694 1785 1858 1850 audi.
2360 1809 2393 1858 ε

319 1871 552 1935 Fabula
581 1893 703 1954 qua
734 1871 973 1934 Paridis
1004 1878 1252 1954 propter
1280 1878 1567 1934 narratur
1595 1893 1864 1938 amorem

321 1956 580 2020 Graecia
608 1955 938 2019 Barbariae
966 1957 1130 2018 lento
1162 1955 1366 2018 collisa
1394 1954 1591 2019 duello

322 2040 654 2104 Stultorum
683 2062 894 2123 regum
926 2049 988 2104 et
1017 2040 1369 2125 populorum
1398 2042 1661 2105 continet
1691 2047 1913 2107 aestus.

317 2126 595 2190 Antenor
624 2133 831 2190 censet
861 2127 1002 2191 belli
1032 2125 1379 2209 praecidere
1412 2147 1719 2192 caussam:

318 2209 479 2284 Quid
510 2211 730 2276 Paris?
818 2211 909 2276 Ut
936 2214 1134 2277 salvus
1163 2219 1379 2295 regnet
1408 2213 1690 2298 vivatque
1717 2216 1931 2282 beatus
2111 2283 2119 2290 ,
2272 2217 2275 2219 ’
2330 2235 2391 2286 10

320 2297 470 2380 Cogi
498 2319 669 2380 posse
698 2304 905 2381 negat.
995 2298 1222 2362 Nestor
1251 2319 1604 2381 componere
1633 2301 1770 2364 lites

316 2382 490 2446 Inter
519 2383 769 2446 Peliden
798 2384 1044 2448 festinat
1072 2391 1134 2446 et
1161 2384 1321 2447 inter
1349 2385 1649 2448 Atriden:

315 2468 500 2532 Hunc
531 2490 716 2547 amor,
744 2469 837 2532 ira
866 2469 1108 2552 quidem
1137 2469 1531 2533 communiter
1559 2470 1682 2534 urit
1714 2474 2059 2554 utrumque.

317 2552 617 2638 Quidquid
645 2554 904 2618 delirant
931 2575 1109 2639 reges
1161 2556 1511 2638 plectuntur
1540 2553 1785 2620 Achivi.

319 2637 647 2719 Seditione,
678 2639 847 2719 dolis,
877 2641 1104 2703 scelere
1135 2647 1317 2724 atque
1346 2641 1591 2704 libidine
1622 2647 1687 2706 ot
1712 2640 1805 2708 ira
2329 2660 2387 2709 15

313 2724 532 2790 Iliacos
559 2726 720 2789 intra
746 2746 946 2789 muros
976 2733 1263 2809 peccatur
1289 2733 1355 2790 et
1382 2733 1575 2790 extra.

193 2859 198 2864 .
313 2811 548 2874 Rursus
601 2811 746 2895 quid
777 2811 966 2876 virtus
996 2820 1058 2874 et
1087 2811 1233 2894 quid
1261 2811 1556 2895 sapientia
1584 2810 1771 2896 possit

315 2895 482 2959 Utile
511 2896 818 2980 proposuit
844 2897 1013 2959 nobis
1037 2897 1343 2978 exemplar
1370 2896 1619 2978 Ulixen,

314 2979 433 3053 Qui
462 2982 714 3045 domitor
743 2981 958 3064 Trojae
986 2981 1306 3042 multorum
1333 2981 1617 3062 providus
1646 2979 1827 3044 urbes

315 3064 397 3132 Et
423 3087 618 3129 mores
647 3066 948 3127 hominum
977 3064 1254 3147 inspexit,
1282 3065 1591 3146 latumque
1620 3085 1732 3146 per
1760 3081 2007 3148 aequor,
2320 3084 2384 3134 20

317 3150 474 3213 Dum
505 3151 615 3212 sibi
666 3149 810 3210 dum
837 3149 1011 3211 sociis
1039 3148 1298 3210 reditum
1329 3156 1525 3230 parat,
1555 3168 1770 3230 aspera
1796 3149 1987 3212 multa

312 3235 574 3297 Pertulit
625 3233 890 3296 adversis
921 3253 1122 3294 rerum
1149 3232 1561 3296 immersabilis
1588 3233 1785 3298 undis-

315 3319 593 3383 Sirenum
621 3339 798 3382 voces
829 3324 892 3382 et
923 3315 1134 3380 Circae
1165 3319 1383 3401 pocula
1415 3319 1570 3383 nosti
1598 3339 1615 3395 3

313 3403 482 3477 Quae
512 3406 563 3468 si
594 3425 727 3467 cum
759 3403 931 3467 sociis
960 3404 1178 3466 stultus
1209 3404 1579 3488 cupidusque
1610 3403 1879 3486 bibisset,

315 3488 440 3553 Sub
471 3491 708 3554 domina
734 3489 1050 3552 meretrice
1081 3488 1294 3552 fuisset
1321 3491 1514 3573 turpis
1544 3498 1608 3554 et
1636 3511 1868 3572 excors,
2320 3512 2381 3562 aa

311 3575 581 3641 Vixisset
609 3577 774 3640 canis
801 3575 1140 3640 immundus
1168 3576 1267 3638 vel
1294 3576 1487 3640 amica
1512 3579 1639 3640 luto
1669 3597 1791 3640 sus·

311 3661 442 3726 Nos
469 3684 754 3727 numerus
784 3682 988 3726 sumus
1018 3668 1080 3726 et
1107 3662 1316 3745 fruges
1346 3683 1695 3726 consumere
1723 3662 1875 3746 nati,

314 3746 530 3832 Sponsi
559 3749 920 3833 Penelopae,
947 3750 1294 3830 nebuloneS,
1323 3748 1681 3834 Alcinoique
