2675 4409
312 234 441 301 196
1129 250 1575 298 EPISTOLARUM

311 404 471 483 Nec,
501 404 551 467 si
580 410 642 468 te
673 404 905 468 validus
926 404 1250 489 jactaverit
1279 400 1516 466 Auster
1544 404 1607 467 in
1636 405 1782 483 alto,

311 489 548 553 Idcirco
577 511 790 552 navem
819 498 986 553 trans
1018 491 1335 572 Aegaeum
1364 512 1527 553 mare
1560 490 1804 554 vendas.

311 575 604 638 Incolumi
635 576 876 638 Rhodos
908 585 971 639 et
998 576 1294 660 Mytilene
1328 577 1578 659 pulchra
1602 577 1747 639 facit
1799 575 1962 661 quod

311 660 584 723 Paenula
611 661 882 740 solstitiO,
913 672 1245 745 campestre
1275 662 1569 725 nivalibus
1607 662 1791 740 auriS,

310 746 434 809 Per
460 747 732 809 brumam
761 746 1014 825 Tiberis,
1048 746 1260 810 Sextili
1287 768 1492 810 mense
1523 749 1811 811 caminus·

312 831 476 893 Dum
504 832 648 894 licet
677 853 747 895 ac
778 833 1009 895 vultum
1037 838 1242 895 servat
1266 833 1507 895 fortuna
1548 834 1896 915 benignum,

309 916 536 979 Romae
566 918 845 980 laudetur
877 916 1085 981 Samos
1118 925 1180 981 et
1211 916 1390 981 Chios
1423 925 1485 981 et
1512 918 1755 981 Rhodos
1792 919 2028 983 absens.

308 1002 402 1065 Tu
455 1022 874 1085 quamcunque
903 1002 1070 1066 deus
1102 1003 1209 1065 tibi
1237 1004 1633 1066 fortunaverit
1659 1004 1869 1067 horam

316 1086 510 1150 Grata
537 1109 703 1151 sume
732 1109 936 1167 manu,
967 1109 1085 1151 neu
1115 1088 1312 1151 dulcia
1342 1088 1513 1151 differ
1539 1088 1603 1151 in
1630 1109 1879 1174 annum,

311 1170 408 1235 Ut
458 1193 818 1256 quocunque
861 1174 991 1236 loco
1020 1174 1206 1256 fueris
1256 1174 1472 1237 vixisse
1501 1174 1759 1239 libenter

309 1256 398 1320 Te
429 1258 629 1321 dicas:
673 1280 812 1329 nam
842 1258 893 1321 si
923 1259 1074 1322 ratio
1101 1265 1165 1321 et
1192 1258 1513 1343 prudentia
1540 1280 1739 1340 curas,

311 1341 455 1405 Non
483 1345 648 1408 locus
680 1345 849 1407 effusi
875 1346 994 1407 late
1025 1344 1204 1407 maris
1234 1345 1459 1409 arbiter
1487 1344 1707 1425 aufert,
2008 1418 2015 1423 ,

311 1426 562 1492 Caelum
611 1450 730 1491 non
760 1430 1020 1492 animum
1046 1436 1282 1493 mutant
1333 1429 1437 1513 qui
1468 1437 1632 1493 tra-ns
1660 1450 1827 1494 mare
1856 1433 2128 1495 currunt.

313 1510 574 1577 Strenua
601 1535 708 1577 nos
739 1520 983 1577 exercet
1011 1514 1263 1591 inertia;
1306 1516 1559 1578 navibus
1590 1522 1771 1599 atque

310 1596 630 1681 Quadrigis
660 1599 915 1682 petimus
944 1599 1096 1663 bene
1127 1599 1351 1663 vivere.
1442 1599 1617 1674 Quod
1646 1601 1801 1685 petis
1850 1599 1948 1665 hic
1980 1605 2095 1683 est,

307 1680 425 1746 Est
455 1684 722 1765 Ulubris,
753 1684 984 1748 animus
1013 1684 1064 1748 si
1092 1691 1153 1749 te
1183 1706 1303 1749 non
1331 1686 1537 1750 deficit
1564 1708 1813 1771 aequus.

905 2106 1480 2175 EPISTOLA
1562 2110 1782 2177 XII.

306 2279 672 2345 Fnucmus
701 2278 1012 2365 Agrippae
1047 2279 1262 2345 Siculis
1312 2302 1462 2365 quos
1492 2283 1741 2366 colligis,
1769 2283 1920 2365 Icci,

313 2363 380 2428 Si
408 2373 574 2429 recte
602 2367 821 2429 frueris
872 2388 991 2429 non
1020 2374 1114 2430 est
1140 2374 1210 2429 ut
1238 2368 1409 2449 copia
1438 2370 1626 2452 major

307 2448 410 2515 Ab
437 2450 593 2515 Jove
625 2450 832 2515 donari
861 2452 1047 2535 possit
1075 2452 1202 2514 tibi.
1293 2452 1461 2515 Tolle
1492 2455 1802 2536 querelas:

307 2534 551 2621 Pauper
579 2537 737 2601 enim
763 2558 882 2600 non
910 2543 1006 2600 est
1056 2537 1153 2599 cui
1182 2558 1384 2600 rerum
1414 2539 1677 2621 suppetit
1706 2558 1871 2602 usus.

281 2619 378 2685 ·Si
408 2622 604 2685 ventri
629 2622 807 2702 bene,
837 2622 888 2686 si
919 2624 1096 2687 lateri
1125 2629 1216 2687 est
1245 2623 1614 2707 pedibusque
1646 2625 1787 2707 tuis,
1814 2625 1901 2689 nil

306 2706 570 2771 Divitiae
593 2716 876 2791 poterunt
905 2708 1138 2791 regales
1169 2709 1393 2772 addere
1422 2710 1637 2793 majus.

309 2790 376 2855 Si
405 2793 558 2857 forte
609 2790 674 2855 in
702 2793 896 2857 medio
925 2795 1250 2878 positorum
1279 2795 1601 2859 abstemius
1651 2794 1853 2860 herbis

305 2874 478 2941 Vivis
511 2886 574 2942 et
601 2878 820 2957 urtica,
849 2879 936 2942 sic
966 2880 1132 2943 vives
1160 2880 1427 2963 protinus
1480 2887 1552 2943 ut
1580 2888 1641 2943 te

309 2960 635 3027 Confestim
662 2962 922 3046 liquidus
951 2960 1260 3025 Fortunae
1290 2964 1457 3025 rivus
1486 2963 1769 3028 inauret:

304 3046 428 3109 Vel
457 3048 598 3131 quia
623 3047 901 3110 naturam
929 3055 1163 3111 mutare
1193 3054 1451 3132 pecunia
1480 3049 1695 3126 nescit,

259 3194 270 3205 ,
303 3131 424 3195 Vel
456 3132 598 3214 quia
625 3138 843 3195 cuncta
871 3139 1046 3215 putas
1074 3153 1196 3195 una
1224 3122 1445 3196 virtute
1474 3133 1725 3196 minora.

303 3214 601 3279 Miramur
651 3217 702 3279 si
731 3216 1059 3279 Democriti
1087 3238 1272 3301 pecus
1303 3217 1429 3280 edit
1458 3220 1683 3300 agellos

305 3300 604 3385 Cultaque
659 3301 802 3364 dum
832 3322 1086 3384 peregre
1118 3308 1209 3365 est
1239 3304 1469 3366 animus
1500 3304 1626 3366 sine
1657 3326 1903 3388 corpore
1934 3305 2147 3385 velox3

304 3386 456 3450 Cum
489 3396 556 3450 tu
584 3388 744 3451 inter
771 3387 1030 3450 scabiem
1061 3394 1289 3451 tantam
1321 3395 1384 3451 et
1413 3390 1690 3473 contagia
1718 3390 1870 3454 lucri

301 3472 410 3535 Nil
438 3494 687 3556 parvum
703 3474 912 3557 ‘sapias
943 3482 1006 3536 et
1035 3474 1230 3537 adhuc
1261 3475 1535 3538 sublimia
1565 3497 1775 3539 curos:

301 3557 472 3631 Quae
503 3564 672 3623 mare'
697 3568 1079 3642 compescant
1109 3582 1383 3640 caussae,
1414 3562 1558 3645 quid
1590 3567 1887 3645 temperet
1925 3582 2168 3642 annum,

303 3642 528 3707 Stellae
557 3650 768 3729 sponte
797 3666 907 3708 sua
925 3646 1207 3729 jussaene
1239 3655 1539 3729 vagentur
1566 3655 1630 3710 et
1658 3653 1884 3725 errent,

301 3728 461 3801 Quid
491 3736 726 3815 premat
755 3731 1070 3794 obscurum
1101 3733 1301 3813 lunae,
1333 3732 1478 3815 quid
1509 3733 1775 3815 proferat
1814 3732 2039 3812 orbem,

2329 412 2395 477 15'

2323 3074 2389 3121 10

2324 3498 2379 3545 15
