2675 4409
1043 288 1236 336 cmm·
1277 290 1417 338 nv.
2146 269 2274 334 117

376 439 430 505 Ο
457 461 570 524 ego
593 459 708 504 non
724 436 892 517 felix,
916 458 1097 521 quam
1120 445 1191 501 tu
1217 437 1380 520 fugis
1410 443 1481 500 ut
1510 441 1693 520 pavet
1723 457 1897 502 acres
2207 455 2273 506 2⁵

451 526 642 610 Agna
665 527 836 611 lupos
889 545 1261 610 capreaeque
1289 523 1527 589 leones!

843 943 1311 1012 UARMEN
1369 943 1630 1009 XIII.

279 1292 596 1357 HoRmnA
629 1293 950 1372 tempestas
980 1286 1211 1353 caelum
1241 1286 1538 1350 contraxit
1590 1291 1652 1348 et
1680 1285 1899 1350 imbres

364 1377 681 1459 Nivesque
713 1374 1021 1437 deducunt
1046 1373 1091 1436 J
1093 1393 1301 1448 ovem;
1346 1393 1506 1434 nunc
1536 1391 1724 1450 mare,
1754 1394 1912 1437 nunc
1942 1371 2130 1437 siluae

279 1461 562 1528 Threicio
592 1460 890 1543 Aquilone
920 1466 1131 1522 sonant
1158 1479 1176 1521 ε
1268 1458 1592 1542 rapiamus,
1624 1457 1819 1539 amici,

367 1546 767 1612 Occasionem
797 1545 872 1607 de
903 1544 1023 1622 die,
1054 1544 1315 1626 dumque
1347 1543 1544 1605 virent
1574 1564 1773 1625 genua

278 1631 366 1698 Et
396 1633 602 1710 decet,
633 1631 894 1694 obducta
923 1631 1187 1692 solvatur
1215 1629 1411 1691 fronte
1441 1637 1743 1692 senectus·
2240 1653 2273 1702 5

361 1719 466 1780 Τιι
495 1717 636 1780 vina
664 1715 966 1798 Torquato
994 1721 1166 1778 more
1197 1715 1438 1778 consule
1469 1734 1677 1797 pressa
1704 1735 1857 1779 meo.

280 1800 513 1868 Cetera
539 1803 710 1864 mitte
739 1801 939 1884 loq'ui:
987 1801 1136 1864 deus
1164 1801 1314 1862 haec
1346 1800 1597 1862 fortasse
1625 1800 1888 1883 benigna

173 1948 180 1956 .
361 1888 651 1952 Reducet
681 1886 743 1948 in
776 1886 980 1949 sedem
1009 1886 1161 1948 vice.
1251 1885 1434 1947 Nunc
1467 1892 1529 1946 et
1559 1884 1969 1951 Achaemenio

275 1972 582 2039 Perfundi
611 1971 799 2035 nardo
817 1973 995 2056 juvat
1047 1978 1110 2033 et
1137 1970 1256 2032 fide
1290 1970 1581 2053 Cyllenea

361 2059 604 2122 Levare
635 2057 778 2120 diris
807 2064 1052 2138 pectora
1081 2056 1569 2119 sollicitudinibus
1595 2075 1612 2133 ;
2216 2078 2273 2128 10

275 2144 520 2209 Nobilis
548 2152 618 2205 ut
645 2142 858 2226 grandi
889 2142 1108 2205 cecinit
1138 2141 1476 2205 Centaurus
1506 2142 1784 2205 alumno:

364 2229 630 2308 Invicte‚
659 2229 924 2290 mortalis
955 2228 1070 2290 dea
1097 2235 1236 2290 nate
1267 2249 1419 2311 puer
1447 2227 1724 2306 Thetide,

275 2316 366 2380 Te
398 2322 606 2377 manet
635 2315 921 2376 Assaraci
953 2314 1150 2392 tellus,
1180 2335 1362 2395 quam
1391 2313 1609 2394 frigida
1638 2310 1807 2396 parvi

364 2400 640 2464 Findunt
672 2397 1022 2462 Scamandri
1050 2399 1293 2461 flumina
1342 2399 1606 2460 lubricus
1638 2406 1700 2460 et
1734 2395 1967 2479 Sixnoi'8‚

275 2487 467 2552 Unde
499 2486 605 2548 tibi
634 2485 892 2548 reditum
923 2493 1086 2548 certo
1113 2485 1445 2546 subtemine
1478 2483 1708 2548 Parcae
2213 2501 2272 2549 15

365 2573 640 2654 Rupere,
669 2592 782 2633 nec
811 2578 1004 2632 mater
1033 2568 1273 2632 domum
1301 2570 1547 2632 caerula
1577 2577 1637 2632 te
1668 2568 1938 2634 revehet.

279 2657 420 2722 Inie
452 2677 626 2720 omne
655 2657 875 2719 malum
906 2656 1042 2718 vino
1072 2663 1373 2737 cantuque
1405 2657 1625 2732 levate,

367 2742 671 2806 Deformis
701 2742 1098 2824 aegrimoniae
1129 2741 1403 2804 dulcibus
1433 2737 1726 2824 alloquiis.

866 3165 1322 3232 GARMEN
1380 3164 1606 3232 XIV.

544 3514 795 3580 Moms
824 3509 1042 3574 inertia
1070 3531 1178 3574 cur
1206 3515 1435 3573 tantam
1464 3506 1770 3574 diffuderit
1800 3505 1935 3570 imis

631 3597 1004 3662 Oblivionem
1034 3596 1326 3673 sensibuS,

547 3685 774 3748 Pocula
799 3681 1096 3746 Lethaeos
1125 3689 1194 3742 ut
1222 3680 1272 3742 si
1302 3679 1585 3742 ducentia
1612 3697 1846 3742 somnos

627 3771 862 3834 Arente
892 3768 1067 3830 fauce
1099 3767 1406 3846 traxerim,
