2675 4409
10 123 120 173 X
205 88 212 92 .

130 194 178 236 N

213 284 273 302 Ἢ
322 238 333 246 ’
366 265 497 332 154
1231 213 1607 324 siu-minum

365 433 656 500 Primus
636 457 702 498 m
727 433 889 498 hunc
921 430 1120 516 operis
1149 451 1507 516 componere
1538 427 1807 494 carmina
1834 451 2087 511 morem,

367 521 708 585 Detrahere
741 527 805 582 et
833 519 1074 603 pellem,
1102 517 1330 582 nitidus
1362 539 1484 602 qua
1512 518 1765 601 quisque
1792 539 1907 600 per
1936 539 2047 582 ora

370 607 655 681 Cederet,
684 605 1008 669 introrsum
1032 583 1248 704 turpis,
1277 623 1423 754 ιιιιιιῘιζ
1364 601 1695 668 mLaelius
1724 610 1833 666 aut
1860 602 1967 687 qui

367 693 562 757 Duxit
591 693 667 756 ab
697 713 984 775 oppressa
1010 691 1294 754 meritum
1389 691 1709 772 arthagine
1736 711 1981 770 nomen,

367 778 625 862 Ingenio
653 778 861 842 offensi
889 785 996 842 aut
1011 777 1186 840 tlaeso
1215 777 1463 842 doluere
1492 774 1745 839 Metello

366 865 756 949 Famosisque
788 864 961 946 Lupo
991 871 1270 946 cooperto
1299 861 1619 927 versibus?
1708 861 1905 945 Atqui

367 951 674 1015 Primores
703 950 908 1034 populi
937 949 1191 1032 arripuit
1219 949 1625 1050 populumque
1658 947 1953 1028 tributim,

372 1036 622 1100 Scilicet
649 1036 755 1099 uni
783 1057 1018 1126 aequus
1042 1035 1252 1098 virtuti
1281 1043 1465 1135 atque
1496 1036 1627 1118 ejus
1657 1033 1886 1097 amicis.

370 1121 530 1196 Quin
559 1107 691 1185 ubi
693 1143 758 1185 se
789 1142 830 1185 a
857 1114 1030 1204 volgo
1061 1127 1125 1184 et
1151 1142 1336 1184 scena
1364 1121 1428 1184 in
1458 1127 1698 1184 secreta
1726 1124 2031 1184 remorant

367 1209 586 1273 Virtus
620 1207 938 1291 Scipiadae
969 1213 1034 1270 et
1059 1207 1220 1270 mitis
1249 1206 1545 1290 sapientia
1570 1206 1765 1286 Laeli,

369 1293 613 1377 Nugari
641 1315 778 1357 cum
806 1293 910 1357 illo
943 1301 1008 1356 et
1036 1293 1314 1356 discincti
1342 1293 1553 1356 ludere
1584 1291 1777 1355 donec

369 1379 834 1464 Decoqueretur
861 1380 992 1444 olus
1021 1380 1200 1442 soliti.
1294 1377 1602 1462 Quidquid
1632 1399 1767 1441 sum
1794 1398 1928 1460 ege,
1961 1374 2233 1462 quamvis

369 1466 544 1533 Infra
571 1466 766 1528 Lucili
796 1486 1046 1528 censum
1074 1465 1528 1548 ingeniumque,
1558 1471 1761 1527 tamen
1788 1484 1885 1526 me

373 1550 527 1614 Cum
555 1551 790 1633 magnis
826 1551 1042 1613 vixisse
1073 1550 1262 1613 invita
1288 1550 1581 1612 fatebitur
1609 1571 1799 1633 usque

370 1636 630 1715 Invidia,
661 1642 726 1698 et
753 1636 953 1718 fragili
981 1656 1278 1734 quaerens
1307 1635 1541 1700 illidere
1570 1635 1815 1698 dentem

374 1721 658 1785 Offendet
685 1721 917 1796 solid03
962 1720 1078 1784 nisi
1107 1713 1253 1804 quid
1282 1729 1375 1799 ιιι,
1405 1722 1581 1785 docte
1613 1720 1881 1800 Trebati,

370 1806 740 1871 Dissentis.''
831 1811 872 1844 “
900 1767 1201 1890 Equidem
1227 1769 1379 1870 nihil
1405 1809 1547 1871 hinc
1576 1807 1886 1870 diffindere
1916 1825 2175 1891 possum.

375 1892 500 1958 Sed
531 1900 730 1972 tamen
759 1900 830 1956 ut
857 1893 1116 1957 monitus
1147 1915 1388 1972 caveaS,
1416 1915 1494 1956 ne
1524 1894 1680 1956 forte
1711 1893 1917 1976 negoti

301 2014 326 2027 -
370 1978 642 2042 Incutiat
669 1966 778 2042 tibi
807 1979 953 2061 quid
981 1986 1326 2043 sanctarum
1352 1979 1593 2043 inscitia
1620 1979 1862 2062 legum:

375 2063 443 2128 Si
471 2064 630 2127 mala
658 2064 1040 2128 condiderit
1023 2088 1086 2128 m
1117 2087 1295 2149 quem
1326 2067 1463 2166 quis
1491 2065 1779 2144 carmina,
1800 2065 1905 2148 jus
1934 2071 2030 2128 est

370 2150 844 2234 Judiciumque.'
828 2150 869 2181 ''
960 2155 1000 2188 “
1024 2150 1197 2232 Este,
1225 2151 1278 2216 si
1305 2153 1441 2235 quis
1472 2152 1671 2229 mala3
1715 2152 1825 2215 sed
1855 2152 2009 2217 bona
2036 2149 2089 2214 si
2119 2147 2255 2235 quis

370 2235 416 2300 J
417 2237 593 2300 udice
624 2236 962 2302 condiderit
989 2238 1270 2302 laudatus
1303 2237 1607 2302 Caesare.
1585 2237 1613 2284 ⁴?
1658 2237 1711 2300 si
1739 2237 1875 2321 quis

374 2322 1004 2406 opprobriis-dignum
1033 2324 1369 2403 latraverit,
1397 2325 1637 2406 integer
1664 2323 1793 2406 ipse
1820 2323 1901 2386 ‘2”

371 2413 414 2446 “
439 2407 764 2475 Solventur
791 2409 918 2473 risu
946 2410 1211 2490 tabulae,
1240 2416 1310 2472 tu
1337 2409 1554 2473 missus
1584 2407 1843 2473 abibisss’

590 2757 630 2793 R
1134 2822 1523 2896 SA'HRA
1580 2827 1696 2896 11.
1927 2754 1987 2816 y

373 2997 582 3076 QUAE
587 2997 780 3062 virtus
809 3001 874 3060 et
903 3002 1153 3080 quanta,
1182 2997 1345 3076 boni,
1374 2996 1456 3060 sit
1483 2995 1687 3061 vivere
1717 3018 1924 3082 parvo,
1969 2969 1973 2976 α

354 3085 510 3148 'Nec
539 3105 710 3147 meus
731 3083 829 3145 hic
859 3103 1056 3145 sermo
1085 3089 1200 3162 est,
1230 3082 1340 3145 sed
1370 3102 1526 3165 quae
1556 3085 1874 3168 praecepit
1906 3085 2108 3150 Ofella

371 3169 660 3232 Rusticus
690 3166 988 3230 abnormis
1017 3167 1251 3250 sapiens
1281 3189 1604 3251 crassaque
1635 3168 1938 3251 Minerva,

371 3253 627 3332 Discite,
657 3275 778 3316 non
807 3253 965 3314 inter
992 3252 1196 3316 lances
1225 3274 1583 3337 mensasque
1614 3255 1879 3320 nitentes

374 3339 529 3403 Cum
557 3346 762 3424 stupet
792 3338 1014 3402 insanis
1045 3339 1204 3402 acies
1234 3339 1569 3423 fulgoribus
1600 3349 1664 3406 et
1692 3363 1833 3406 cum

370 3425 642 3490 Acclinis
670 3425 836 3490 falsis
859 3425 1090 3489 animus
1119 3425 1365 3490 meliora
1394 3435 1657 3508 recusat,

371 3512 609 3576 Verum
636 3512 781 3575 hic
763 3512 1050 3594 impransi
1081 3533 1318 3576 mecum
1350 3513 1685 3597 disquirite.
1780 3513 1905 3578 Cur
1932 3513 2097 3578 hoc?

371 3598 590 3664 Dicam
619 3600 670 3662 si
698 3606 925 3682 potero.
1011 3597 1177 3662 Male
1209 3621 1419 3663 verum
1450 3602 1752 3666 examinat
1781 3601 1969 3664 omnis

373 3682 710 3767 Corruptus
729 3684 939 3768 judex.
949 3673 1322 3771 &aeporem
1350 3695 1617 3750 sectatus
1648 3708 1878 3772 equove

371 3769 597 3836 Lassus
626 3771 702 3837 ab
731 3771 1042 3854 indomito,
1069 3773 1170 3840 vel
1197 3773 1250 3838 si
1281 3773 1555 3841 Romana
1582 3775 1801 3860 fatigat

812 3861 903 3882 Α

2394 1033 2468 1082 '70
