2675 4409
391 235 521 300 102

1082 245 1348 294 CARMEN
1392 243 1785 292 SAEcULARE.

815 401 1059 468 Fertilis
1088 401 1331 483 frugum
1362 399 1716 484 pecorisque
1752 399 1957 462 Tellus

821 487 1041 571 Spicea
1069 487 1251 550 donet
1280 485 1568 549 Cererem
1601 503 1859 561 corona3

815 573 1109 640 Nutriant
1138 573 1297 635 fetus
1328 579 1392 634 et
1421 592 1612 654 aquae
1643 571 1915 635 salubres

1162 658 1245 721 Et
1271 657 1315 721 J
1318 657 1444 721 ovis
1475 677 1679 720 aurae.

820 743 1076 810 Condito
1102 743 1261 806 mitis
1289 742 1678 827 placidusque
1711 742 1832 808 telo

818 830 1134 916 Supplices
1164 829 1341 892 audi
1334 849 1573 913 pueros,
1601 829 1865 912 Apollo:

819 917 1100 983 Siderum
1128 914 1340 998 regina
1366 913 1623 978 bicornis
1675 914 1840 994 audi,

1154 1000 1353 1079 Luna,
1382 1000 1632 1084 puellas.

814 1089 1009 1153 Roma
1037 1086 1088 1149 si
1119 1094 1383 1149 vestrum
1415 1092 1509 1148 est
1537 1107 1707 1170 opus,
1738 1085 2019 1170 Iliaeque

813 1173 987 1238 Litus
1017 1172 1341 1235 Etruscum
1370 1179 1620 1234 tenuere
1649 1179 1907 1251 turmae,

814 1259 861 1324 J
864 1281 1003 1324 ussa
1031 1279 1187 1344 pars
1202 1264 1438 1320 mutare
1469 1257 1660 1321 Lares
1691 1265 1755 1322 et
1781 1259 1993 1322 urbem

1160 1343 1396 1428 Sospite
1429 1365 1632 1422 cursu,

816 1429 932 1499 Cui
959 1452 1070 1514 per
1098 1429 1412 1500 ardentem
1439 1429 1566 1494 sine
1595 1427 1811 1498 fraude
1841 1427 2082 1516 'frojam

818 1513 1037 1583 Castus
1065 1515 1313 1580 Aeneas
1343 1514 1573 1598 patriae
1603 1521 1909 1599 superstes

812 1599 1097 1666 Liberum
1126 1599 1380 1665 munivit
1406 1600 1538 1678 iter,
1553 1600 1806 1666 daturus

1156 1684 1345 1748 Plura
1372 1686 1635 1750 relictis:

810 1769 917 1851 Di,
949 1770 1164 1855 probos
1192 1792 1387 1836 mores
1416 1771 1594 1839 docili
1612 1773 1930 1872 juventae,

816 1856 922 1936 Di,
950 1858 1249 1925 senectuti
1277 1858 1549 1957 placidae
1580 1858 1867 1943 quietem,

816 1905 1110 2010 Romulae
1140 1943 1309 2028 genti
1338 1943 1479 2008 date
1510 1966 1757 2029 remque
1787 1945 2138 2030 prolemque

1158 2029 1242 2094 Et
1271 2030 1458 2095 decus
1486 2030 1697 2097 omne!

815 2113 1107 2202 Quaeque
1137 2138 1241 2180 vos
1268 2117 1464 2180 bubus
1495 2121 1820 2181 veneratur
1847 2116 1998 2180 albis

816 2201 1029 2268 Clarus
1057 2203 1366 2268 Anchisae
1397 2201 1778 2304 Venerisque
1807 2201 2076 2286 sanguis,

810 2287 1127 2398 Impetret,
1156 2289 1419 2353 bellante
1448 2289 1632 2373 prior,
1662 2290 1972 2417 jacentem

1152 2373 1384 2438 Lenis
1366 2397 1431 2438 ιιι
1458 2373 1736 2438 hostem!

808 2457 857 2523 J
858 2480 956 2521 am
983 2459 1136 2522 mari
1166 2466 1450 2543 terraque
1477 2481 1692 2524 manus
1719 2465 1996 2544 potentes

809 2542 1033 2609 Medus
1062 2545 1454 2628 Albanasque
1483 2545 1656 2610 timet
1684 2565 1950 2626 secures,

811 2631 857 2695 J
860 2653 959 2696 am
990 2629 1255 2717 Scythae
1279 2653 1565 2716 responsa
1591 2638 1829 2716 petunt,
1857 2631 2103 2718 superbi

1157 2718 1398 2803 Nuper,
1427 2725 1492 2782 et
1527 2718 1690 2783 Indi.

808 2802 858 2870 J
858 2825 957 2868 am
983 2803 1167 2870 Fides
1218 2812 1283 2870 et
1316 2805 1448 2870 Pax
1502 2812 1566 2870 et
1597 2805 1810 2868 Honos
1862 2803 2188 2890 Pudorque

811 2889 1058 2954 Priscus
1104 2898 1168 2956 et
1195 2893 1478 2974 neglecta
1507 2891 1705 2954 redire
1733 2889 1950 2956 Virtus

812 2975 1048 3057 Audet,
1078 2985 1448 3061 apparetque
1479 2977 1658 3040 beata
1686 2977 1863 3060 pleno

1159 3061 1348 3144 Copia
1375 3082 1582 3124 cornu.

810 3145 1037 3228 Augur
1086 3153 1153 3212 et
1178 3148 1452 3229 fulgente
1483 3145 1737 3208 decorus
1767 3164 1915 3208 arcu

814 3231 1095 3296 Phoebus
1146 3239 1553 3314 acceptusque
1581 3251 1799 3294 novem
1829 3229 2130 3314 CameniS,

816 3314 937 3389 Qui
964 3317 1211 3382 salutari
1239 3319 1404 3380 levat
1433 3323 1563 3380 arte
1599 3316 1787 3380 fessos

1162 3402 1440 3486 Corporis
1471 3409 1660 3483 artus,

820 3483 889 3551 Si
917 3485 1227 3554 Palatinas
1260 3489 1428 3552 videt
1456 3511 1571 3573 aeq
1573 3510 1685 3554 uus
1715 3509 1888 3556 arces

814 3571 1091 3657 Remque
1123 3575 1456 3640 Romanam
1484 3575 1868 3659 Latiumque,
1891 3575 2040 3640 felix

815 3657 1144 3726 Alterum
1128 3684 1190 3726 m
1218 3663 1474 3726 lustrum
1525 3662 1859 3747 meliusque
1887 3683 2128 3748 semper

1160 3746 1457 3832 Proroget
1483 3769 1720 3814 aevum.

2403 1364 2475 1415 40
