2675 4409
1220 245 1569 291 CARMINUM

701 400 958 484 Fugerit
986 399 1154 464 venis
1208 405 1270 463 et
1299 419 1559 482 aquosus
1588 398 1722 463 albo

1052 486 1314 569 Corpore
1345 487 1618 567 languor.

699 572 1030 636 Redditum
1061 570 1208 656 Cyri
1237 571 1382 635 solio
1411 571 1718 635 Phraaten

696 659 1013 722 Dissidens
1046 659 1205 741 plebi
1256 678 1507 720 numero
1534 656 1847 720 beatorum

697 744 927 808 Eximit
954 743 1192 821 VirtuS,
1220 744 1625 828 populumque
1653 741 1819 807 falsis

1042 829 1322 893 Dedocet
1350 828 1440 891 uti

701 912 996 995 Vocibus,
1025 936 1281 997 regnum
1311 921 1377 977 et
1406 912 1683 976 diadema
1710 917 1911 977 tutum

699 1000 1001 1063 Deferens
1029 1001 1135 1061 uni
1163 999 1585 1095 propriamque
1613 998 1851 1061 laurum

701 1083 987 1171 Quisquis
1016 1085 1297 1167 ingentes
1325 1085 1499 1148 oculo
1516 1082 1807 1149 inretorto

1042 1168 1296 1257 Spectat
1323 1190 1593 1235 acervos.

1023 1592 1501 1660 CARMEN
1560 1593 1754 1661 111.

692 1936 980 2007 AEQUAM
1007 1942 1306 2000 memento
1327 1935 1507 2000 rebus
1536 1934 1601 1998 in
1627 1934 1832 2000 arduis

693 2020 954 2087 Servare
983 2029 1268 2101 mentem,
1297 2043 1419 2085 non
1447 2042 1623 2085 secus
1650 2022 1715 2085 in
1736 2021 1905 2087 bonis

775 2107 880 2171 Ab
909 2106 1188 2170 insolenti
1215 2114 1611 2191 temperatam

865 2191 1148 2273 Laetitia,
1177 2193 1464 2257 moriture
1494 2193 1679 2273 Delli,

692 2277 820 2343 Seu
847 2286 1110 2342 maestus
1139 2279 1298 2341 omni
1328 2286 1597 2379 tempore
1628 2280 1869 2361 vixeris,

695 2362 821 2429 Seu
852 2364 962 2426 te
945 2385 1010 2427 m
1039 2371 1268 2427 remoto
1299 2365 1570 2447 gramine
1602 2386 1714 2449 per
1741 2366 1872 2429 dies

769 2448 986 2512 Festos
1013 2450 1371 2512 reclinatum
1399 2449 1598 2513 bearis

857 2533 1156 2599 Interiore
1185 2541 1328 2599 nota
1355 2534 1620 2599 Falerni.

687 2616 822 2693 Quo
848 2619 1027 2703 pinus
1051 2620 1268 2705 ingens
1297 2621 1553 2705 albaque
1582 2620 1836 2706 populus

683 2704 982 2771 Umbram
1006 2706 1363 2791 hospitalem
1392 2707 1733 2771 consociare
1762 2711 1968 2773 amant

769 2792 1024 2857 Ramis.
1004 2792 1030 2839 ’θ
1119 2793 1280 2867 Quid
1309 2794 1548 2878 obliquo
1575 2794 1810 2858 laborat

858 2876 1136 2976 Lympha
1162 2880 1353 2961 fugax
1380 2878 1683 2961 trepidare
1712 2876 1891 2943 rivo?

686 2960 832 3025 Huc
862 2962 1004 3025 vina
1032 2969 1097 3025 et
1123 2970 1440 3044 unguenta
1461 2971 1525 3026 et
1551 2963 1799 3027 nimium
1824 2964 2042 3029 breves

678 3046 734 3113 F
735 3047 892 3109 lores
921 3067 1205 3109 amoenae
1235 3047 1397 3109 ferre
1419 3047 1567 3130 jube
1596 3068 1793 3127 rosae,

769 3130 934 3193 Dum
963 3152 1060 3193 res
1091 3138 1154 3193 et
1183 3138 1353 3194 aetas
1382 3139 1447 3195 et
1494 3151 1765 3195 sororum

851 3214 990 3278 Fila
1017 3216 1198 3278 trium
1227 3216 1540 3299 patiuntur
1567 3223 1721 3280 atra.

683 3298 882 3364 Cedes
911 3302 1199 3387 coemptis
1217 3302 1469 3365 saltibus
1491 3310 1553 3365 et
1582 3302 1756 3365 domo

680 3385 968 3469 Villaque
1020 3388 1212 3450 flavus
1241 3408 1423 3486 quam
1450 3388 1685 3451 Tiberis
1712 3387 1881 3472 lavit,

768 3470 967 3535 Oedes
1013 3478 1078 3534 et
1119 3473 1445 3537 exstructis
1487 3473 1551 3537 in
1588 3475 1779 3539 altum

765 3590 776 3602 ·
846 3557 1090 3621 Divitiis
1119 3558 1384 3642 potietur
1409 3559 1647 3628 heres.

677 3641 943 3707 Divesne
972 3644 1168 3728 prisco
1195 3652 1374 3709 natus
1397 3647 1473 3711 ab
1502 3645 1730 3711 Inacho

671 3728 780 3794 Nil
808 3728 1062 3796 interest
1105 3752 1185 3795 an
1212 3754 1447 3819 pauper
1476 3740 1541 3799 et
1568 3733 1773 3797 infima

661 2168 694 2193 ὁ

2381 419 2447 469 15

2366 2730 2428 2781 10

2362 3160 2423 3209 15
