2675 4409
451 257 573 320 146
1301 268 1673 318 sAnnAmm

448 427 618 490 Mille
653 424 838 509 pedes
869 424 932 488 in
960 423 1182 504 fronte,
1208 429 1515 488 trecentos
1542 424 1753 507 cippus
1780 423 1844 486 in
1882 444 2097 506 agrum

447 513 572 574 Hic
604 511 818 574 dabat:
865 509 1149 572 Heredes
1179 517 1633 573 monumentum
1663 533 1739 573 ne
1772 518 2154 593 sequeretur.

448 597 632 660 Nunc
662 597 806 658 licet
835 595 1120 677 Esquiliis
1148 595 1419 658 habitare
1449 593 1783 657 salubribus
1812 602 1993 677 atque

442 683 698 764 Aggere
728 682 790 742 in
819 680 1020 763 aprico
1049 681 1316 764 spatiari,
1350 701 1466 762 quo
1496 679 1668 742 modo
1701 679 1901 744 tristes

448 768 626 832 Albis
655 767 967 829 informem
996 767 1352 849 spectabant
1380 765 1607 828 ossibus
1636 786 1849 846 agrum
1875 785 1893 842 ;

449 853 606 916 Cum
648 851 794 915 mihi
836 871 958 915 non
1001 859 1233 914 tantum
1263 853 1547 933 furesque
1580 851 1887 933 feraeque,
1917 853 2125 916 suetae

448 937 634 1000 Hunc
665 958 882 1000 vexare
914 938 1108 1000 locum
1157 958 1338 1000 curae
1370 944 1509 998 sunt
1539 943 1721 1019 atque
1749 937 1959 1015 labori,

450 1023 755 1110 Quantum
785 1022 1142 1085 carminibus
1173 1043 1328 1105 quae
1360 1030 1603 1084 versant
1638 1028 1819 1104 atque
1851 1022 2096 1086 venenis

447 1109 763 1171 Humanos
793 1108 1034 1170 animos.
1073 1107 1211 1172 Has
1238 1108 1402 1170 nullo
1438 1107 1691 1190 perdere
1720 1128 1960 1190 possum

447 1193 586 1257 Nec
616 1194 928 1276 prohibere
957 1193 1153 1271 modo,
1185 1193 1361 1256 simul
1390 1213 1461 1255 ac
1491 1213 1648 1276 vaga
1673 1193 1819 1255 luna
1850 1192 2132 1256 decorum

449 1279 711 1343 Protulit
740 1300 827 1357 OS,
858 1279 1003 1361 quin
1031 1300 1165 1342 ossa
1192 1279 1404 1362 legant
1427 1278 1761 1360 herbasque
1791 1287 2096 1342 nocentes.

449 1365 598 1428 Vidi
629 1373 866 1447 egomet
892 1364 1068 1446 nigra
1095 1365 1462 1428 succinctam
1492 1363 1711 1427 vadere
1747 1365 1907 1447 palla

453 1450 768 1514 Canidiam
796 1449 1048 1533 pedibus
1075 1450 1251 1512 nudis
1279 1471 1574 1533 passoque
1605 1449 1840 1532 capillo,

452 1535 608 1597 Cum
639 1533 882 1616 Sagana
908 1527 1130 1618 majore
1159 1535 1490 1597 ululantem
1517 1554 1534 1609 ;
1578 1535 1767 1618 pallor
1804 1541 2090 1616 utrasque

380 1691 388 1698 ⁶
447 1619 710 1682 Fecerat
737 1618 1064 1681 horrendas
1095 1619 1408 1702 adspectu.
1502 1617 1788 1702 Scalpere
1818 1627 2040 1682 terram

453 1704 770 1786 Unguibus
801 1710 862 1766 et
890 1705 1115 1786 pullam
1143 1704 1428 1767 divellere
1462 1705 1763 1768 mordicus
1793 1727 2011 1788 agnam

451 1788 832 1872 Coeperunt3
878 1810 1054 1851 cruor
1081 1789 1143 1851 in
1174 1789 1394 1853 fossam
1424 1789 1728 1869 confusus,
1758 1798 1827 1853 ut
1855 1791 1995 1853 inde

447 1874 668 1938 Manes
697 1875 1000 1948 elicerent,
1013 1875 1240 1938 animas
1267 1889 1555 1959 responsa
1584 1875 1849 1938 daturas·

448 1959 656 2022 Lanea‚
685 1966 748 2022 et
777 1959 1002 2042 effigies
1031 1968 1184 2040 erat,
1214 1961 1406 2024 altera
1434 1983 1647 2024 cerea:
1692 1962 1882 2045 'major

447 2045 676 2123 Lanea‚
709 2066 864 2128 quae
895 2045 1100 2128 poenis
1130 2054 1539 2130 compesceret
1566 2047 1904 2110 inferiorem
1930 2065 1949 2124 ;

449 2129 646 2194 Cerea
675 2131 1024 2214 suppliciter
1053 2133 1250 2195 stabat
1279 2133 1613 2212 servilibus,
1642 2139 1713 2194 ut
1740 2153 1895 2215 quae

448 2216 492 2280 J
495 2238 591 2279 am
621 2217 890 2300 peritura
942 2217 1150 2280 modis.
1239 2217 1523 2282 Hecaten
1552 2225 1727 2280 vocat
1756 2219 1967 2296 altera,
1998 2237 2239 2281 saevam

447 2302 670 2364 Altera
696 2302 1094 2386 Tisiphonen:
1143 2311 1453 2386 serpentes
1483 2311 1664 2387 atque
1698 2303 1930 2366 videres

448 2386 728 2450 Infernas
757 2409 961 2451 errare
994 2409 1194 2467 canes,
1225 2389 1587 2472 Lunamque
1617 2387 1936 2450 rubentem

449 2471 550 2534 Ne
580 2473 736 2535 foret
763 2473 856 2536 his
885 2473 1057 2536 testis
1113 2479 1247 2557 post
1275 2494 1497 2555 magna
1524 2475 1714 2535 latere
1745 2478 2041 2555 sepulcra.

447 2557 716 2621 Mentior
744 2565 808 2622 at
835 2559 887 2621 si
916 2559 1061 2642 quid
1112 2558 1334 2621 merdis
1366 2565 1547 2642 caput
1578 2558 1857 2640 inquiner
1886 2558 2035 2620 albis

450 2641 800 2723 Corvorum,
831 2651 1012 2726 atque
1042 2644 1106 2706 in
1134 2666 1230 2707 me
1260 2644 1464 2708 veniat
1492 2644 1738 2706 mictum
1766 2651 1948 2726 atque
1991 2649 2267 2707 cacatum

445 2727 648 2792 Julius
679 2736 742 2792 et
773 2730 1002 2812 fragilis
1031 2729 1310 2793 Pediatia
1336 2731 1555 2816 furque
1583 2729 1885 2806 Vox-anus·

451 2811 705 2896 Singula
733 2815 878 2897 quid
907 2814 1276 2879 memorem?
1323 2838 1441 2899 quo
1472 2821 1647 2898 pacto
1677 2817 1910 2877 alterna
1941 2815 2257 2898 loquentes

446 2897 713 2962 Umbrae
747 2921 883 2962 cum
918 2899 1160 2982 Sagana
1188 2909 1539 2964 resonarent
1570 2901 1739 2964 triste
1770 2907 1833 2962 et
1861 2907 2128 2982 acutum,

446 2981 659 3068 thue
689 2984 814 3067 lupi
842 2984 1088 3047 barbam
1117 2986 1317 3048 variae
1351 3007 1486 3048 cum
1518 2984 1699 3046 dente
1730 2985 2009 3050 colubrae

445 3067 811 3130 Abdiderint
837 3068 1044 3131 furtim
1074 3070 1266 3146 terri8‚
1279 3076 1343 3131 et
1369 3069 1627 3151 imagine
1660 3090 1839 3132 cerea

445 3151 700 3234 Largior
729 3153 943 3215 arserit
969 3153 1146 3234 igniS,
1179 3161 1242 3216 et
1268 3160 1340 3215 ut
1367 3175 1486 3216 non
1514 3154 1687 3217 test-is
1714 3153 1939 3219 inultus

446 3236 802 3300 Hori-nerim
832 3258 1010 3300 voces
1042 3238 1362 3302 Furiarum
1393 3246 1455 3302 et
1481 3238 1646 3302 facta
1682 3235 1956 3303 duarum.

445 3319 608 3384 Nam
661 3323 920 3406 displosa
948 3329 1121 3387 sonat
1149 3331 1439 3407 quantum
1469 3325 1671 3388 vesica
1722 3326 1940 3410 pepedi

445 3403 684 3471 Diffissa
712 3415 852 3471 nate
884 3410 1075 3485 ficus;
1120 3417 1184 3474 at
1211 3411 1349 3473 illae
1384 3432 1627 3475 currere
1657 3412 1720 3474 in
1751 3412 1981 3474 urbem.

447 3491 734 3558 Canidiae
765 3494 999 3574 dentes,
1029 3496 1216 3558 altum
1247 3494 1525 3580 Saganae
1558 3496 1925 3560 caliendrum

445 3577 744 3642 Excidere
775 3587 957 3663 atque
987 3582 1203 3645 herbas
1232 3589 1414 3666 atque
1444 3584 1750 3646 incantata
1776 3581 2018 3644 lacertis

447 3661 710 3730 Vincula
759 3686 897 3730 cum
923 3687 1141 3752 magno
1169 3668 1411 3753 risuque
1433 3670 1690 3754 jocoque
1720 3667 1979 3732 videreS.

2468 702 2530 750 15

2466 1555 2532 1602 ὶῆ

2460 2835 2525 2882 40

2458 3263 2523 3310 45
