2675 4409
397 287 522 352 100

897 298 1244 346 CARMINUM
1289 298 1419 344 Lm
1468 297 1560 343 IV.
1611 297 1805 342 GARM
1854 295 1967 342 XV.

825 454 926 518 Ne
957 473 1146 536 parva
1173 452 1554 536 Tyrrhenum
1583 473 1692 535 per
1720 472 1947 534 aequor

911 539 1072 604 Vela
1101 539 1328 600 darem.
1420 538 1572 616 Tua,
1606 535 1851 618 Caesar,
1882 542 2052 602 aetas

739 625 976 708 Fruges
1005 632 1068 688 et
1097 625 1258 706 agris
1287 623 1524 686 rettulit
1553 623 1772 686 uberes

739 711 824 775 Et
853 712 1026 793 signa
1052 717 1254 772 nostro
1285 709 1548 774 restituit
1573 708 1617 772 J
1621 731 1715 772 ovi

832 797 1104 879 Der-epta
1135 795 1497 859 Parthorum
1526 795 1796 878 superbis

913 882 1213 959 Postibu8‚
1245 888 1308 944 et
1337 902 1592 944 vacuum
1623 881 1839 945 duellis

737 967 784 1031 J
787 989 966 1030 anum
997 967 1228 1042 Quirini
1258 968 1494 1046 clausit,
1525 977 1588 1028 et
1617 967 1885 1029 ordinem

739 1054 1001 1117 Rectum
1031 1053 1310 1135 evaganti
1342 1053 1514 1114 frena
1542 1052 1819 1115 licentiae

826 1139 1068 1224 Injecit,
1100 1139 1436 1221 emovitque
1468 1139 1697 1220 culpas,

913 1225 997 1288 Et
1026 1231 1262 1286 veteres
1291 1224 1596 1286 revocavit
1624 1230 1785 1286 artes

741 1309 865 1374 Per
893 1331 1042 1394 quas
1073 1307 1357 1374 Latinum
1378 1331 1592 1374 nomen
1624 1315 1687 1371 et
1715 1308 1909 1372 Italae

743 1397 1004 1462 Crevere
1037 1397 1194 1460 vires
1222 1397 1501 1479 famaque
1534 1402 1596 1458 et
1623 1395 1836 1480 imperi

822 1482 1115 1545 Porrecta
1141 1483 1423 1566 majestas
1452 1481 1531 1544 ad
1554 1488 1722 1544 ortus

912 1565 1067 1630 Solis
1103 1567 1173 1634 ‘ab
1203 1567 1502 1650 Hesperio
1534 1566 1735 1630 cubili.

741 1650 1004 1715 Custode
1032 1673 1236 1714 xerum
1269 1650 1528 1716 Caesare
1559 1674 1677 1715 non
1706 1653 1875 1716 furor

738 1735 944 1800 Civilis
974 1743 1078 1800 aut
1108 1737 1196 1799 vis
1228 1738 1431 1821 exiget
1459 1737 1665 1819 otium,

822 1820 965 1885 Non
993 1823 1086 1886 ira
1137 1841 1291 1906 quae
1323 1823 1601 1907 procudit
1628 1843 1803 1888 enses

911 1907 996 1971 Et
1023 1909 1269 1972 miseras
1298 1909 1564 1974 inimicat
1590 1911 1791 1972 urbeS.

739 1992 884 2056 Non
937 1994 1040 2079 qui
1070 1995 1429 2078 profundum
1460 1995 1804 2058 Danubium
1829 1994 2045 2060 bibunt

735 2079 960 2144 Edicta
987 2089 1266 2164 rumpent
1292 2081 1337 2144 J
1342 2083 1482 2162 uha,
1512 2103 1631 2144 non
1664 2080 1883 2162 Getae,

825 2165 967 2229 Non
1002 2164 1181 2230 Seres
1233 2167 1474 2230 infidive
1506 2167 1754 2247 Persae,

912 2252 1055 2315 Non
1084 2253 1314 2316 Tanain
1345 2275 1527 2337 prope
1558 2254 1778 2316 fiumen
1808 2251 1944 2316 orti.

740 2336 990 2419 Nosque
1023 2344 1085 2401 et
1105 2339 1389 2436 ‘profestis
1419 2339 1650 2402 lucibus
1681 2346 1743 2401 et
1771 2337 1957 2403 sacris

739 2423 961 2487 Inter
931 2425 1122 2505 Jocosi
1153 2445 1405 2486 munera
1434 2423 1635 2486 Liberi

825 2506 978 2570 Cum
1010 2508 1172 2591 prole
1203 2509 1604 2592 matronisque
1634 2506 1874 2588 nostris,

913 2593 1054 2657 Rite
1087 2594 1230 2658 deos
1254 2595 1417 2678 prius
1447 2593 1779 2678 apprecati‚

743 2677 991 2743 Virtute
1020 2681 1256 2746 functos
1285 2702 1447 2743 more
1481 2687 1720 2764 patrum
1748 2679 1935 2743 duces

739 2763 930 2851 Lydis
959 2767 1209 2830 remixto
1241 2767 1502 2830 carmine
1533 2765 1689 2828 tibiis

823 2851 1182 2936 Trojamque
1215 2859 1277 2915 et
1303 2853 1616 2916 Anchisen
1647 2858 1710 2914 et
1738 2851 1929 2914 almae

910 2936 1274 3022 Progeniem
1295 2937 1559 3004 Veneris
1590 2956 1893 3002 canemus.

2423 1074 2489 1123 lo

2417 1501 2487 1550 15
