2675 4409
334 239 462 304 130
1233 251 1607 299 SATIRARUM

337 409 406 475 Si
433 409 754 473 interdicta
783 412 976 493 petes„
1006 406 1162 470 vallo
1192 405 1567 470 circumdata
1600 403 1777 486 (nam
1808 408 1871 468 te

334 497 472 560 Hoc
501 495 650 559 facit
676 495 1019 576 insanum),
1048 493 1278 556 multae
1306 491 1416 554 tibi
1444 501 1575 556 tum
1604 493 1867 558 officient
1894 507 2019 572 res,

337 581 656 660 Custodes,
685 581 925 659 lectica,
955 579 1282 658 ciniflones,
1318 578 1643 662 parasitae,

333 667 441 732 Ad
470 668 624 731 talos
651 667 807 730 stola
835 666 1094 729 demissa
1123 672 1187 727 et
1215 665 1587 728 circumdata
1614 665 1799 749 palla,

335 753 607 816 Plurima
659 773 814 835 quae
845 751 1155 814 invideant
1183 771 1334 833 pure
1370 771 1660 834 apparere
1692 751 1801 814 tibi
1828 771 1980 816 rem.
2326 770 2423 822 ιω

333 840 555 903 Altera
581 839 666 900 nil
694 839 931 901 obstat:
981 836 1121 901 Cois
1151 837 1260 900 tibi
1289 857 1483 920 paene
1515 837 1723 900 videre
1754 843 1851 899 est

335 923 428 988 Ut
456 925 701 1001 nudam,
731 945 809 988 ne
841 943 1017 986 crure
1047 923 1226 1001 malo,
1254 945 1332 985 ne
1362 922 1443 986 sit
1470 922 1625 1004 pede
1656 922 1859 1021 turpi3

335 1009 544 1074 Metiri
574 1009 762 1094 possis
794 1009 967 1072 oculo
994 1009 1172 1071 latus.
1261 1008 1369 1070 An
1398 1008 1506 1070 tibi
1534 1007 1725 1071 mavis

334 1095 594 1159 Insidias
621 1095 753 1158 fieri
783 1094 1160 1178 pretiumque
1190 1093 1438 1156 avellier
1466 1100 1607 1156 aute

337 1180 534 1280 Quam
564 1201 826 1244 mercem
855 1177 1137 1244 ostendi?
1225 1183 1266 1216 “
1291 1179 1587 1262 Leporem
1616 1184 1865 1242 venator
1893 1183 1963 1244 ut
1992 1178 2119 1246 alta
2325 1199 2424 1250 105

334 1266 414 1330 In
443 1267 580 1330 nive
610 1275 901 1346 sectetur,
929 1265 1188 1349 positum
1215 1263 1302 1328 sic
1331 1272 1585 1347 tangere
1614 1263 1827 1344 nolit,''

337 1352 564 1416 Cantat
613 1358 678 1416 et
707 1351 985 1436 apponit·
971 1398 986 1412 .
972 1356 1048 1388 ·“
1071 1350 1256 1414 Meus
1283 1357 1378 1414 est
1407 1371 1573 1414 amor
1602 1349 1743 1414 huic
1774 1349 2014 1414 similis·
1996 1397 2015 1430 ,
2058 1371 2203 1416 nam

335 1439 692 1503 Transvolat
719 1439 782 1500 in
811 1437 1005 1501 medio
1034 1437 1228 1520 posita
1255 1443 1322 1499 et
1350 1435 1644 1518 fugientia
1672 1436 1944 1519 captat.’'

336 1523 590 1587 Hiscine
620 1522 932 1587 versiculis
959 1543 1170 1605 speras
1198 1521 1307 1584 tibi
1337 1542 1511 1604 posse
1542 1521 1777 1586 dolores

333 1608 544 1692 Atque
575 1617 778 1672 aestus
808 1628 1106 1690 curasque
1135 1628 1354 1690 graves
1382 1627 1417 1670 e
1448 1615 1693 1690 pectore
1724 1605 1911 1690 pelli?
2326 1627 2425 1682 no

333 1694 552 1758 Nonne
609 1693 983 1776 cupidinibus
1013 1699 1243 1756 statuat
1269 1699 1489 1756 natura
1517 1693 1759 1756 modum
1788 1713 1993 1777 quem,

336 1779 499 1853 Quid
526 1781 726 1844 latura
753 1779 865 1842 sibi
893 1777 1040 1862 quid
1069 1779 1148 1842 sit
1176 1778 1436 1841 dolitura
1464 1785 1773 1862 negatum,

335 1864 644 1940 Quaerere
676 1865 810 1948 plus
839 1864 1084 1948 prodest
1113 1863 1212 1928 et
1195 1885 1376 1927 mane
1406 1864 1758 1928 abscindere
1780 1860 1989 1928 sold0?

333 1951 503 2014 Num
555 1951 665 2014 tibi
694 1971 831 2013 cum
861 1951 1066 2014 fauces
1095 1950 1218 2014 urit
1245 1950 1374 2014 sitis
1427 1971 1613 2014 aurea
1640 1950 1881 2034 quaeris

335 2034 612 2100 Pocula?
640 2058 786 2102 num
815 2036 1082 2100 esuriens
1112 2036 1347 2100 fastidis
1376 2037 1575 2100 omnia
1601 2043 1845 2119 praeter
2325 2059 2424 2138 115

332 2122 642 2186 Pavonem
670 2121 1144 2205 rhombumque?
1233 2121 1495 2186 Tument
1526 2122 1631 2185 tibi
1660 2143 1797 2186 cum
1826 2119 2102 2205 inguina,
2125 2143 2271 2187 num
2322 2124 2377 2188 si

221 2237 224 2242 ·
332 2208 578 2272 Ancilla
606 2216 713 2272 aut
741 2229 929 2271 verna
958 2219 1051 2271 est
1079 2216 1318 2307 praesto
1349 2230 1501 2290 puer
1544 2209 1801 2292 impetus
1830 2206 1895 2271 in
1922 2229 2105 2292 quem

336 2293 634 2358 Continuo
660 2295 770 2357 fiat
820 2294 990 2357 malis
1021 2294 1312 2376 tentigine
1345 2292 1587 2378 rumpi?

332 2379 478 2442 Non
505 2400 657 2461 ego,
703 2399 960 2464 namque
991 2380 1320 2463 parabilem
1350 2400 1483 2443 amo
1511 2398 1798 2443 venerem
1823 2378 2209 2498 facilemquq.

331 2465 583 2546 Illam,‘
566 2469 608 2502 66
636 2464 786 2529 Post
815 2464 1036 2548 p’au10,
1044 2465 1060 2494 '
1110 2469 1151 2501 66
1134 2463 1304 2528 ‘Sed
1333 2465 1545 2546 pluriS‚
1548 2466 1588 2495 ”
1638 2470 1680 2502 66
1706 2463 1774 2530 Si
1806 2465 2021 2530 exierit
2050 2466 2209 2548 vir4-’'
2326 2487 2425 2538 ιω

334 2550 548 2630 Gallis,
575 2551 732 2615 hanc
764 2549 1150 2614 Philodemus
1179 2550 1266 2614 ait
1291 2549 1407 2614 sibi
1458 2570 1614 2634 quae
1642 2569 1843 2634 neque
1870 2570 2093 2634 magno

335 2636 473 2701 Stet
501 2638 692 2722 pretio
721 2657 918 2720 neque
948 2643 1268 2701 cunctetur
1319 2657 1457 2700 cum
1486 2643 1581 2700 est
1596 2635 1773 2721 jussa
1801 2635 2030 2700 venire.

333 2722 610 2786 Candida
637 2730 924 2806 rectaque
957 2722 1075 2801 sit3
1118 2721 1343 2786 munda
1373 2723 1669 2786 hactonus
1718 2728 1791 2784 ut
1816 2741 2015 2820 neque
2043 2719 2227 2804 longa
2666 2723 2668 2806 3

330 2808 468 2873 Nec
498 2809 690 2892 magis
721 2808 860 2873 alba
887 2809 1032 2871 velit
1084 2829 1262 2892 quam
1293 2807 1403 2872 dat
1430 2815 1651 2872 natura
1700 2805 1913 2872 videri.
2172 2869 2183 2878 ,
2666 2809 2668 2838 ¹

329 2894 509 2958 Haec
564 2895 665 2956 ubi
695 2893 1004 2978 supposuit
1034 2892 1244 2957 dextro
1272 2915 1489 2976 corpus
1517 2893 1660 2956 mihi
1688 2893 1929 2958 laevum
2320 2913 2425 2964 125

329 2979 448 3042 Ilia
477 2986 541 3042 et
571 2979 798 3062 Egeria
826 2986 957 3042 est:
1004 2977 1081 3040 do
1109 2999 1324 3040 nomen
1356 2977 1663 3061 quodlibet
1691 2979 1799 3058 illi,

328 3064 393 3127 N
399 3086 467 3128 ec
498 3085 710 3128 vereor
761 3085 838 3126 ne
893 3063 1036 3125 dum
1066 3063 1235 3125 futuo
1291 3062 1384 3126 vir
1412 3085 1553 3126 rure
1585 3071 1881 3144 recurrat,
2122 3133 2125 3136 ,

327 3150 372 3213 J
376 3171 533 3212 anua
566 3150 900 3231 frangatur,
930 3149 1114 3211 latret
1143 3148 1328 3227 caniS,
1360 3149 1627 3232 undique
1658 3171 1877 3233 magno

329 3235 516 3298 Pulsa
545 3235 753 3298 domus
783 3233 1040 3317 strepitu
1068 3242 1330 3312 resonet,
1362 3235 1661 3317 vepallida
1688 3237 1847 3300 lecto
2662 3151 2666 3348 1

327 3319 586 3386 Desiliat
614 3319 849 3399 mulier,
880 3320 1158 3382 miseram
1187 3341 1253 3384 se
1278 3321 1518 3384 conscia
1546 3322 1788 3402 clamet,
2324 3344 2422 3396 130

328 3405 622 3469 Cruribus
649 3406 800 3468 haec
830 3411 1084 3485 metuat,
1117 3405 1240 3468 doti
1269 3405 1588 3490 deprensa,
1620 3412 1861 3491 egomet
1886 3407 1995 3472 mi.

327 3491 641 3556 Discincta
670 3492 874 3555 tunica
902 3491 1256 3575 fugiendum
1285 3500 1379 3554 est
1408 3514 1480 3556 ac
1511 3492 1665 3577 pede
1695 3493 1879 3572 nude,

327 3578 429 3642 Ne
459 3578 685 3640 nummi
714 3585 968 3661 pereant
996 3585 1103 3640 aut
1132 3599 1295 3662 puga
1323 3587 1431 3641 aut
1462 3579 1720 3663 denique
1755 3579 1938 3642 fama.

325 3663 641 3749 Deprendi
668 3665 953 3728 miserum
983 3671 1113 3741 est;
1157 3664 1347 3728 Fabio
1376 3665 1475 3732 vel
1492 3664 1701 3749 judice
1732 3665 1989 3732 vincam.
