2675 4409
959 277 1089 326 un.
1133 277 1181 328 1.
1226 276 1362 328 su.
1405 279 1474 328 x.
2133 267 2264 332 149

154 435 421 519 Oppono
450 431 807 498 auriculam.
896 432 1087 518 Rapit
1112 433 1179 498 in
1195 434 1342 520 jus;
1389 435 1616 500 clamor
1641 436 1926 524 utrinque
1952 456 1972 518 3

20 535 45 594 .·
152 519 453 607 Undique
484 540 835 585 concursus.
934 518 1037 585 Sic
1066 541 1165 586 me
1200 522 1469 588 servavit
1495 523 1738 609 Apollo.

988 775 1450 790 ——-——

930 959 1313 1027 SATIRA
1385 961 1492 1027 X.

19 1143 44 1228 ‚t
158 1137 403 1202 Nmss’ss
430 1135 822 1222 incomposito
852 1134 975 1200 dixi
1003 1134 1159 1220 pede
1190 1155 1440 1200 currere
1469 1155 1682 1202 versus

18 1429 47 1528 l.

18 1751 41 1800 ζ

159 1223 378 1288 Lucili.
470 1223 621 1298 Quis
651 1231 777 1287 tam
804 1222 1001 1287 Lucili
1029 1223 1233 1287 fautor
1258 1223 1466 1308 inepte
1497 1229 1592 1286 est

162 1309 253 1374 Ut
281 1333 401 1375 non
425 1310 541 1375 hoc
568 1308 890 1374 fateatur?
978 1309 1072 1372 At
1096 1308 1260 1372 idem
1290 1309 1450 1394 quod
1481 1310 1605 1373 sale
1634 1307 1824 1374 multo

164 1395 395 1460 Urbem
425 1396 713 1462 defricuit
740 1394 955 1460 charta
981 1394 1268 1460 laudatur
1296 1393 1532 1458 eadem.

164 1481 301 1546 Nec
329 1491 533 1548 tamen
560 1484 675 1547 hoc
706 1483 975 1546 tribuens
1006 1481 1279 1546 dederim
1306 1502 1548 1566 quoque
1579 1485 1826 1561 cetera3
1869 1499 2012 1546 nam
2039 1478 2128 1548 sio
2219 1501 2255 1551 5

166 1568 247 1632 Et
276 1568 499 1654 Laberi
524 1570 735 1633 mimos
764 1575 836 1632 ut
862 1568 1117 1653 pulchra
1148 1571 1430 1652 poemata
1457 1567 1662 1634 mirer.

166 1654 329 1739 Ergo
356 1678 478 1720 non
506 1657 655 1720 satis
682 1661 779 1719 est
804 1655 933 1718 risu
960 1654 1249 1718 diducere
1280 1655 1501 1718 rictum

164 1743 478 1806 Auditoris
512 1745 617 1826 (et
644 1747 739 1806 est
766 1741 1067 1826 quaedam
1098 1747 1303 1804 tamen
1330 1741 1429 1804 hic
1461 1761 1702 1826 quoque
1731 1741 1983 1826 virtus).

167 1827 279 1892 Est
303 1829 599 1893 brevitate
630 1849 802 1913 opus,
830 1835 905 1891 ut
932 1833 1142 1891 currat
1168 1827 1472 1892 sententia
1501 1848 1622 1891 neu
1651 1849 1719 1892 sc

162 1912 463 1999 Impediat
489 1915 687 1979 verbis
715 1915 907 1978 lassas
933 1912 1321 1978 onerantibus
1353 1934 1528 1977 aures
1550 1933 1568 1990 ;
2190 1931 2254 1984 ιο

161 1999 243 2064 Et
271 2023 545 2066 sermone
572 2022 725 2086 opus
755 2007 851 2066 est
876 2000 1054 2064 modo
1083 1999 1241 2064 tristi
1270 2021 1454 2083 saepe
1474 2001 1706 2085 jocoso,

158 2085 544 2152 Defendente
576 2089 774 2152 vicem
801 2085 977 2150 modo
1006 2085 1265 2150 rhetoris
1294 2099 1478 2170 atque
1507 2091 1749 2170 poetae,

20 2177 67 2234 'a
156 2172 475 2238 Interdum
502 2175 741 2255 urbani,
770 2172 1077 2258 parcentis
1106 2173 1331 2236 viribus
1363 2180 1546 2257 atque

156 2259 559 2325 Extenuantis
588 2282 694 2326 eas
725 2260 1018 2326 consulto.
1109 2259 1458 2322 Ridiculum
1489 2259 1614 2324 acri

152 2345 397 2410 Fortius
428 2354 493 2411 et
518 2348 732 2411 melius
760 2343 1013 2430 magnas
1042 2345 1398 2430 plerumque
1428 2351 1598 2409 secat
1625 2363 1742 2410 res.
2188 2362 2256 2413 15

152 2432 255 2497 Illi
283 2434 516 2518 scripta
542 2434 761 2518 quibus
790 2431 1101 2498 comoedia
1128 2431 1330 2515 prisca
1360 2432 1506 2497 viris
1535 2438 1632 2496 est

152 2519 293 2584 Hoc
324 2521 592 2600 stabant,
617 2520 733 2584 hoc
756 2527 899 2583 sunt
927 2519 1201 2581 imitandi
1228 2538 1245 2595 ;
1290 2539 1442 2603 quos
1471 2538 1669 2602 neque
1698 2514 1954 2602 pulcher

151 2606 579 2689 Hermogenes
606 2627 875 2690 unquam
901 2605 1053 2687 legit
1079 2625 1279 2688 neque
1310 2605 1516 2668 simius
1545 2605 1660 2667 iste
1750 2651 1758 2658 .

151 2691 262 2756 Nil
294 2700 541 2777 praeter
572 2689 826 2756 Calvum
856 2698 921 2754 et
952 2691 1167 2755 doctus
1197 2699 1446 2754 cantare
1478 2687 1803 2753 Catullum.

152 2783 194 2816 “
218 2778 312 2843 At
339 2799 627 2862 magnum
654 2779 803 2842 fecit
831 2777 992 2862 quod
1021 2776 1223 2840 verbis
1253 2775 1496 2840 Graeca
1524 2774 1758 2838 Latinis
2185 2789 2250 2840 2⁰

152 2864 470 2929 Miscuit.”
564 2862 618 2929 O
651 2865 771 2929 seri
800 2865 1137 2928 studiorum
1163 2862 1177 2928 l
1226 2863 1410 2946 quine
1439 2861 1668 2947 putetis

155 2951 413 3016 Difficile
445 2956 509 3015 et
535 2955 754 3028 mirum
784 2949 1021 3014 Rhodio
1050 2949 1212 3033 quod
1242 2947 1609 3013 Pitholeonti

161 3035 481 3120 Contigit?
570 3043 612 3076 ‘⁶
634 3039 727 3101 At
754 3058 961 3102 sermo·
980 3035 1189 3120 lingua
1217 3036 1544 3100 concinnus
1572 3031 1832 3118 utraque

162 3123 438 3203 suavior,
467 3131 539 3186 ut
570 3123 721 3188 Chio
750 3130 895 3188 nota
920 3123 973 3188 si
1003 3122 1323 3186 commixta
1352 3122 1595 3185 Falerni
1627 3121 1787 3186 est.’'

160 3209 313 3274 Cum
340 3231 553 3273 versus
582 3211 791 3290 facias,
823 3216 885 3274 te
916 3209 1112 3292 ipsum
1142 3216 1486 3291 percontor,
1515 3229 1596 3272 an
1625 3216 1689 3274 et
1719 3229 1858 3274 cum
2185 3221 2252 3270 25

157 3296 329 3360 Dura
358 3295 467 3359 tibi
497 3295 848 3380 peragenda
876 3295 967 3359 rei
996 3295 1075 3357 sit
1104 3313 1289 3357 causa
1318 3290 1572 3358 Petilli?

161 3382 409 3447 Scilicet
438 3383 657 3446 oblitus
688 3384 1041 3466 patriaeque
1072 3381 1406 3463 patrisque,
1437 3381 1656 3444 Latine

160 3468 311 3533 Cum
340 3468 569 3533 Pedius
602 3489 817 3533 causas
845 3466 1103 3533 exsudet
1130 3465 1440 3550 Poplicola
1475 3474 1658 3551 atque

161 3553 475 3634 Corvinus,
506 3555 715 3638 patriis
744 3555 1157 3618 intermiscere
1186 3555 1382 3637 petita

16 3690 39 3719 ,Γ
160 3641 366 3707 Verba
392 3641 538 3705 foris
567 3642 762 3719 malm,
795 3639 1083 3704 Canusini
1111 3660 1276 3704 more
1306 3635 1642 3722 bilinguis?
2185 3655 2252 3706 ³0

160 3727 363 3814 Atque
394 3749 510 3811 ego
541 3749 680 3791 cum
711 3727 980 3802 Graecos
1010 3727 1275 3790 facerem
1302 3733 1484 3788 natus
1512 3742 1678 3788 mare
1709 3721 1864 3788 citra

160 3810 531 3898 Versiculos,
560 3813 757 3881 vetuit
783 3814 1019 3964 mqffli
1047 3833 1195 3880 voce
1226 3811 1538 3894 Quirinus,
