2675 4409
383 4092 465 4345 nvo-‘na’-

911 242 1043 288 uB.
1090 242 1164 287 11.
1209 240 1408 308 eARM.
1456 241 1571 288 xx,

545 396 666 461 Fas
696 395 1042 480 pervicaces
1074 400 1167 458 est
1195 395 1336 457 mihi
1367 393 1670 478 Thyiadas

543 482 810 565 Vinique
841 482 1068 543 fontem
1119 481 1292 543 laetis
1323 486 1387 543 eh
1406 481 1625 543 uberes

631 566 894 632 Cantare
925 566 1105 643 rivos,
1137 572 1318 649 atque
1353 566 1579 628 truncis

711 652 913 735 Lapsa
943 652 1104 713 cavis
1135 651 1355 713 iterare
1388 652 1608 727 mella3

541 737 661 801 Fas
693 745 756 799 et
785 738 998 807 beatae
1029 737 1296 820 conjugis
1327 736 1599 798 additum

547 823 750 887 Stellis
767 823 1062 884 'honorem
1116 829 1397 903 tectaque
1430 821 1690 885 Penthei

627 909 900 990 Disjeeta
926 929 1047 969 non
1074 908 1196 969 leni
1222 908 1417 983 ruina,

717 993 966 1055 Thracis
997 999 1061 1054 et
1090 992 1336 1054 exitium
1366 991 1654 1075 Lycurgi.

539 1079 634 1143 Tu
660 1079 853 1142 flectis
883 1098 1110 1156 amnes,
1138 1084 1208 1139 tu
1234 1098 1399 1139 mare
1430 1077 1773 1155 barbarum,

540 1166 634 1229 Tu
662 1164 954 1247 separatis
987 1163 1246 1225 uvidus
1230 1185 1293 1223 m
1314 1162 1479 1246 jugis

630 1249 693 1312 N
697 1249 810 1312 odo
839 1270 1087 1312 coerces
1115 1248 1385 1330 viperino

708 1334 1089 1398 Bistonidum
1117 1334 1244 1396 sine
1275 1330 1491 1394 fraude
1522 1330 1757 1395 crines:

541 1421 658 1499 Tu,
713 1442 852 1485 eum
903 1418 1169 1504 parentis
1196 1437 1389 1501 regna.
1417 1438 1527 1515 per
1556 1415 1808 1481 arduum

541 1506 770 1571 Cohors
802 1504 1132 1587 Gigantum
1159 1501 1523 1567 scandereb'
1504 1501 1711 1587 impia,

624 1592 926 1655 Rhoetum
955 1590 1247 1653 retorsisti
1277 1588 1465 1651 leonis

711 1676 1037 1758 Unguibus
1066 1675 1449 1757 horribilique
1480 1672 1685 1735 mala·
1662 1718 1684 1749 ,

540 1760 920 1845 Quamquam
948 1761 1180 1824 choreis
1211 1760 1405 1843 aptior
1433 1764 1495 1821 et
1513 1758 1669 1843 jocis

540 1847 832 1930 Ludoque
863 1846 1061 1909 dietus
1089 1867 1208 1908 non
1237 1853 1331 1907 sat
1358 1845 1609 1907 idoneus

625 1932 878 2014 Pugnae
908 1932 1234 1995 ferebaris:
1282 1930 1391 1993 sed
1422 1930 1582 1992 idem

711 2018 892 2081 Pacis
921 2038 1055 2079 eras
1087 2017 1435 2099 mediusque
1462 2014 1626 2077 belli.

539 2103 629 2165 Te
657 2103 810 2165 vidit
838 2103 1038 2165 insons
1069 2100 1370 2165 Cerberus
1400 2122 1583 2163 aureo

543 2188 746 2252 Cornu
777 2188 1082 2265 decorum,
1110 2188 1328 2250 leniter
1358 2194 1625 2249 atterens

628 2272 924 2352 Caudam,
956 2280 1018 2335 et
1047 2273 1385 2336 recedentis
1415 2270 1683 2367 trilingui

715 2357 840 2422 Ore
869 2358 1056 2444 pedes
1087 2359 1404 2443 tetigitque
1436 2353 1635 2421 'crura-

896 2783 1350 2850 GARMEN
1408 2783 1599 2849 XX.

540 3126 694 3191 Non
721 3126 942 3189 usibata
965 3148 1078 3191 nee
1110 3126 1278 3190 tenui
1305 3127 1470 3190 ferar

537 3212 750 3277 Penna
777 3213 1040 3275 biformis
1070 3234 1181 3296 per
1207 3213 1500 3296 liquidum
1530 3212 1779 3276 aethera

623 3298 840 3376 Vates,
869 3319 1066 3380 neque
1098 3299 1161 3360 in
1192 3298 1369 3361 terris
1397 3298 1670 3361 morabor

707 3382 998 3465 Longius,
1056 3383 1401 3466 invidiaque
1430 3384 1619 3466 major

538 3466 745 3531 Urbes
773 3469 1128 3551 relinquam.
1220 3468 1362 3530 Non
1392 3490 1505 3551 ego
1534 3487 1865 3551 pauperum

539 3550 800 3633 Sanguis
829 3560 1184 3635 parentum,
1196 3575 1314 3616 non
1345 3575 1457 3635 ego
1512 3574 1691 3637 quem
1720 3571 1917 3633 vocas,

621 3637 860 3701 Dileete
915 3638 1264 3718 Maecenas,
1295 3640 1490 3717 obibo,

706 3722 844 3787 Nee
879 3721 1096 3870 Sgygia
1125 3724 1443 3788 cohibebor
1468 3722 1651 3787 unda.

2192 192 2285 287 ‘49

2223 500 2285 549 10

2222 926 2287 995 πε
