2675 4409
437 256 520 323 46

1301 268 1648 315 CARMINUM

866 421 1049 485 Ocior
1077 419 1272 483 cervis
1326 426 1389 483 et
1418 428 1635 503 agente
1666 420 1895 485 nimbos

1209 504 1393 568 Ocior
1424 506 1609 569 Euro.

861 592 1089 655 Laetus
1117 591 1180 653 in
1208 612 1493 673 praesens
1524 592 1755 653 animus
1808 591 1967 675 quod
2004 592 2164 653 ultra
2200 596 2293 653 est

866 677 1082 741 Oderit
1111 696 1324 739 curare
1380 684 1443 740 et
1472 698 1675 739 amara
1704 678 1863 739 lento

863 763 1186 847 Temperet
1215 762 1340 824 risu
1370 779 1387 836 3
1471 762 1619 824 nihi}
1648 771 1742 825 est
1770 764 1845 825 ab
1877 762 2037 825 omni

1203 846 1389 910 Parte
1417 848 1681 910 beatum.

861 932 1136 995 Abstulit
1165 933 1393 994 clarum
1424 933 1545 995 cita
1574 954 1733 995 mors
1766 931 2083 1013 Achillem,

861 1018 1072 1099 Longa
1100 1017 1421 1080 Tithonum
1449 1019 1663 1080 minuit
1690 1025 1989 1096 senectus,

861 1104 947 1167 Et
975 1104 1118 1165 mihi
1145 1103 1348 1165 forsan
1400 1104 1506 1166 tibi
1536 1102 1696 1187 quod
1723 1104 1985 1187 negarit,

1205 1188 1485 1271 Porriget
1537 1188 1705 1252 hora.

863 1272 950 1336 Te
982 1294 1200 1356 greges
1229 1282 1469 1337 centum
1502 1273 1861 1357 Siculaeque
1892 1274 2120 1337 circum

858 1356 1148 1441 Mugiuut
1177 1381 1421 1439 vaccae,
1452 1361 1561 1423 tibi
1590 1361 1743 1423 tollit
1771 1360 2065 1423 hinnitum

860 1443 1032 1528 Apta
1061 1444 1368 1527 quadrigis
1398 1466 1576 1527 equa,
1608 1452 1669 1508 te
1698 1445 1789 1509 bis
1819 1445 1975 1509 Afro

1204 1528 1440 1592 Murice
1472 1530 1695 1593 tinctae

859 1613 1150 1677 Vestiunt
1177 1612 1350 1677 lanae
1378 1633 1395 1677 ε
1438 1614 1582 1677 mihi
1611 1635 1801 1698 parva
1828 1636 1973 1679 rura
2024 1620 2089 1679 et

859 1698 1146 1781 Spiritum
1179 1697 1399 1762 Graiae
1431 1706 1675 1763 tenuem
1706 1699 2007 1764 Camenae

858 1784 1056 1848 Parca
1082 1806 1200 1847 non
1229 1785 1487 1848 mendax
1518 1786 1685 1849 dedit
1736 1793 1800 1849 et
1828 1786 2154 1869 malignum

1204 1868 1506 1955 Spei-nere
1535 1872 1773 1956 volgus·

1060 2298 1518 2365 CARMEN
1574 2296 1863 2365 XVII.

826 2505 852 2543 ην

771 2642 910 2707 CUR
938 2664 1034 2706 me
1065 2641 1326 2726 querelis
1358 2641 1660 2706 exanimas
1694 2641 1863 2707 tuis?

765 2728 903 2795 Nec
933 2729 1026 2792 dis
1055 2728 1312 2792 amicum
1344 2735 1437 2791 est
1487 2750 1601 2794 nec
1630 2729 1774 2792 mihi
1825 2736 1887 2793 te
1916 2725 2083 2813 prius

858 2814 1065 2893 Obire,
1095 2814 1445 2894 MaecenaS,
1475 2836 1741 2877 mearum

940 2898 1187 2964 Grande
1218 2901 1405 2963 decus
1434 2901 1823 2982 columenque
1854 2919 2076 2963 rerum.

766 2984 873 3048 Ah
913 2997 976 3049 te
1021 3004 1192 3047 meae
1239 2984 1291 3047 si
1327 2992 1562 3065 partem
1592 2984 1823 3046 animae
1852 2985 2012 3068 rapit

764 3068 1064 3132 Maturior
1091 3070 1203 3146 viS,
1234 3070 1380 3152 quid
1410 3088 1607 3131 moror
1635 3069 1847 3142 altera,

853 3153 919 3217 N
923 3172 992 3215 ec
1024 3172 1198 3215 carus
1229 3174 1421 3235 aeque
1474 3173 1586 3216 nec
1617 3159 1923 3236 superstes

938 3235 1241 3318 Integer?
1301 3238 1416 3299 Ille
1445 3237 1575 3300 dies
1603 3246 1922 3321 utramque

766 3324 970 3387 Ducet
997 3323 1250 3385 ruinam.
1337 3321 1481 3385 Non
1512 3344 1624 3406 ego
1654 3325 1952 3407 perfidum

765 3409 909 3474 Dixi
939 3414 1415 3495 sacramentum:
1461 3408 1698 3488 ibimuS,
1728 3410 1942 3474 ibimus

850 3494 1179 3577 Utcunque
1210 3492 1559 3579 praecedeS,
1588 3516 1933 3579 supremum

939 3579 1204 3663 Carpere
1233 3582 1351 3645 iter
1380 3582 1625 3645 comites
1654 3584 1869 3665 parati.

764 3664 872 3739 Me
902 3687 1014 3730 nec
1048 3664 1400 3731 Chimaerae
1432 3668 1673 3751 spiritus
1702 3668 1915 3750 igneae

765 3752 927 3835 Nec,
956 3753 1012 3819 εἰ
1035 3760 1335 3839 resurgat,
1368 3754 1739 3817 centimanus
1770 3752 1941 3840 Gyas

2460 613 2522 660 22

2462 1026 2642 1088 :30'

2452 1894 2518 1941 ⁴0

2446 3432 2509 3480 10
