2675 4409
320 211 448 277 1311
1170 225 1543 272 sATmAmm

322 382 406 446 Et
434 381 539 464 qui
567 387 895 446 nocturnus
926 401 1097 443 sacra
1126 379 1328 443 divum
1356 379 1591 463 legerit.
1636 377 1816 443 Adsit

320 469 560 550 Regula
610 467 875 550 peccatis
905 487 1059 549 quae
1090 488 1311 550 poenas
1342 467 1569 548 irroget
1599 486 1844 548 aequas,

318 521 458 616 Νθῠ
454 553 683 616 scutica
714 544 1254 634 ‹lignumjiorribili
1284 560 1517 615 sectere
1549 552 1806 634 flagello.

318 639 482 701 Nam
534 645 604 700 ut
631 639 825 701 ferula
856 639 1073 701 caedas
1103 639 1382 701 meritum
1410 639 1634 722 majora
1663 638 1862 700 subire

318 725 597 788 Verbera
646 746 764 786 non
797 745 1029 802 vereor,
1062 746 1198 786 cum
1228 725 1393 787 dicas
1425 745 1554 787 esse
1585 745 1760 806 pares
1789 743 1889 787 res

318 810 510 872 Furta
538 810 859 872 latrociniis
914 817 977 872 et
1004 811 1235 892 magnis
1294 831 1483 893 parva
1509 810 1752 873 mineris

318 895 502 958 Falce
533 896 861 958 recisurum
891 895 1065 957 simili
1095 905 1179 974 te,
1210 895 1260 958 si
1289 896 1396 958 tibi
1426 917 1676 978 regnum

318 981 682 1043 Permittant
710 981 995 1042 homines,
1092 979 1157 1044 Si
1188 981 1355 1043 dives
1407 981 1510 1064 qui
1539 981 1776 1063 sapiens
1807 986 1922 1060 est,

318 1065 402 1128 Et
432 1074 600 1128 sutor
628 1068 815 1129 bonus
846 1073 909 1128 et
937 1066 1095 1128 solus
1124 1066 1414 1128 formosus
1444 1073 1506 1128 et
1535 1074 1628 1128 est
1656 1087 1786 1145 rex,

318 1151 444 1214 Cur
474 1173 547 1234 op
550 1159 642 1215 tas
672 1150 831 1234 quod
863 1151 1095 1214 habes,
1074 1150 1101 1195 ‘³
1190 1151 1254 1213 N
1256 1173 1333 1214 on
1361 1153 1515 1214 nosti
1544 1151 1689 1234 quid
1719 1157 1914 1235 pater,
1943 1147 2160 1234 inquit,

318 1236 689 1322 Chrysippus
719 1236 925 1302 dicat·
997 1235 1248 1321 Sapiens
1278 1237 1551 1320 crepidas
1581 1237 1692 1299 sibi
1719 1257 2026 1318 nunquam

314 1323 451 1386 Nec
482 1325 673 1386 soleas
703 1323 870 1401 fecit,
900 1329 1069 1386 sutor
1096 1331 1298 1386 tamen
1327 1329 1422 1385 est
1454 1323 1711 1406 sapiens.
1803 1320 1970 1396 Qui?

306 1408 406 1488 ‚Ut
458 1408 727 1492 quamvis
758 1415 920 1470 tacet
948 1409 1388 1490 HermogeneS,
1421 1416 1629 1472 cantor
1658 1415 1858 1471 tamen
1889 1415 2072 1493 atque

317 1493 595 1576 Optimus
625 1499 719 1557 est
747 1494 1119 1555 modulator·
1104 1540 1119 1568 ,
1166 1502 1235 1555 ut
1262 1494 1547 1558 Alfenius
1580 1495 1773 1575 vafer,
1803 1494 1965 1558 omni

314 1579 573 1661 Abjecto
600 1579 995 1640 instrumento
1025 1578 1168 1640 artis
1199 1579 1522 1661 clausaque
1553 1580 1823 1659 taberna,

317 1663 501 1727 Sutor
530 1669 683 1741 erat,
714 1663 949 1745 sapiens
980 1663 1173 1745 operis
1202 1663 1288 1725 sic
1319 1665 1574 1745 optimus
1603 1665 1792 1727 omnis

314 1748 429 1812 Est
458 1749 654 1831 opifex
684 1750 864 1826 solus,
894 1747 979 1810 sic
1011 1769 1137 1810 rex.
1227 1748 1487 1811 Vellunt
1514 1749 1621 1811 tibi
1648 1750 1894 1812 barbam

313 1834 552 1897 Lascivi
582 1834 750 1918 pueri
775 1851 951 1916 3quos
982 1840 1050 1895 tu
1077 1833 1191 1896 nisi
1218 1834 1378 1897 fuste
1411 1836 1652 1898 coerces

312 1919 568 2002 Urgeris
598 1920 773 1981 turba
804 1920 1026 1983 circum
1056 1925 1118 1982 te
1150 1926 1345 1983 stante
1377 1922 1674 2004 miserque

312 2006 635 2088 Rumperis
666 2013 729 2066 et
755 2007 963 2084 latras,
993 2027 1346 2088 magnorum
1377 2008 1628 2070 maxime
1661 2027 1888 2090 regum.

312 2091 413 2156 Ne
444 2092 685 2173 longum
714 2091 962 2153 faciam·
1009 2091 1151 2154 dum
1182 2100 1248 2154 tu
1280 2093 1614 2192 quadrante
1645 2094 1910 2156 lavatum

311 2177 448 2240 Rex
475 2177 587 2240 ibis
637 2199 834 2260 neque
866 2184 925 2240 te
957 2178 1269 2261 quisquam
1300 2179 1553 2261 stipator
1578 2179 1849 2262 ineptum

312 2262 569 2325 Praeter
599 2261 938 2346 Crispinum
969 2265 1317 2342 sectabitur,
1351 2272 1414 2326 et
1442 2265 1585 2326 mihi
1614 2266 1822 2328 dulces

309 2347 638 2430 Ignoscent
688 2349 737 2410 si
767 2348 912 2431 quid
944 2371 1199 2432 peccaro
1230 2350 1447 2412 stultus
1501 2351 1697 2430 amici,

308 2433 504 2517 Inque
536 2434 725 2498 vicem
755 2435 987 2497 illorum
1016 2435 1212 2517 patiar
1240 2434 1461 2498 delicta
1488 2435 1764 2515 libenter,

307 2518 708 2606 Privatusque
738 2521 929 2604 magis
957 2521 1152 2584 vivam
1182 2526 1245 2583 te
1274 2541 1420 2604 rege
1449 2521 1682 2584 beatus·

1034 2941 1442 3006 SATIRA
1499 2944 1648 3008 IV.

310 3116 585 3180 EUPOLIS
616 3119 797 3195 atque
832 3113 1112 3177 Cratinus
1147 3112 1702 3212 Aristophanesque
1739 3117 1982 3201 poetae,

308 3202 514 3282 Atque
546 3199 641 3261 ahi
698 3220 949 3280 quorum
981 3198 1286 3261 comoedia-
1318 3197 1517 3281 prisca
1549 3201 1804 3263 virorum
1836 3211 1951 3282 est,

311 3284 377 3348 Si
408 3285 541 3367 quis
574 3290 704 3346 erat
735 3284 949 3366 dignus
982 3283 1239 3346 describi
1292 3283 1452 3366 quod
1481 3286 1672 3349 malus
1701 3307 1770 3349 ac
1802 3284 1926 3368 fur,

309 3369 482 3442 Quod
512 3369 791 3432 moechus
823 3371 979 3432 foret
1009 3377 1113 3432 aut
1142 3369 1390 3432 sicarius
1415 3377 1518 3431 aut
1547 3373 1770 3456 alioqui

306 3456 360 3520 F
362 3476 617 3530 amosuS‚
643 3457 831 3518 multa
862 3477 994 3518 cum
1027 3456 1300 3517 libertate
1330 3457 1636 3518 notabant.

304 3543 467 3606 Hinc
498 3542 682 3604 omnis
714 3541 938 3625 pendet
968 3541 1253 3619 Lucilius,
1284 3541 1462 3604 hosce
1493 3549 1735 3604 secutus

303 3627 558 3692 Mutatis
591 3635 821 3690 tantum
852 3627 1101 3710 pedibus
1129 3628 1533 3710 numerisque,
1565 3629 1821 3707 facetuS,

304 3713 639 3790 Emunctae
669 3714 852 3794 nariS‚
884 3713 1069 3776 durus
1100 3735 1452 3798 componere
1483 3733 1713 3806 versus.

2302 659 2398 728 129

2299 1089 2392 1136 125

2297 1517 2390 1566 130

2169 1928 2177 1936 ‘
2295 1941 2384 1988 135

2291 2367 2384 2418 140
