2675 4409
334 249 463 317 138
858 352 867 360 .
1186 267 1562 322 sAmARuu

331 423 703 488 Absterrent
729 415 957 490 vitiis'.”
1048 422 1145 488 Ex
1172 425 1287 490 hoc
1318 447 1433 510 ego
1461 445 1642 490 sanus
1673 424 1748 490 ab
1777 425 1893 492 illis

332 509 672 574 Perniciem
702 530 1101 596 quaecunque
1130 513 1357 592 ferunt,
1380 512 1780 578 mediocribus
1809 521 1874 578 et
1902 513 2040 601 quis

331 595 627 680 Ignoscas
654 598 817 663 vitiis
848 605 1097 675 teneor3
1144 600 1418 663 fortassis
1448 606 1513 662 et
1541 600 1718 663 istinc

331 681 618 766 Largiter
648 684 965 748 abstulerit
992 685 1176 769 longa
1206 695 1399 766 aetaS,
1428 686 1582 749 liber
1612 687 1864 764 amicust,

332 769 663 834 Consilium
693 771 1039 855 proprium3
1085 795 1285 858 neque
1317 773 1476 836 enim
1507 793 1649 835 cum
1678 774 1940 838 lectulus
1969 781 2078 840 aut
2104 797 2204 842 me

331 855 612 921 Porticus
642 857 882 940 excepit
910 857 1122 923 desum
1150 859 1312 923 mihi.
1401 864 1442 897 “
1467 859 1718 923 Rectius
1746 861 1860 924 hoc
1893 869 2030 928 est:

329 943 471 1008 Hoc
501 945 730 1008 faciens
760 943 956 1008 vivam
986 947 1236 1010 melius:
1288 945 1392 1011 Sic
1423 946 1616 1009 dulcis
1645 946 1850 1010 amicis

334 1028 707 1095 Occurram:
757 1030 896 1095 Hoc
928 1033 1174 1117 quidam
1204 1053 1324 1096 non
1353 1033 1548 1095 belle:
1596 1033 1890 1117 numquid
1919 1055 2034 1118 ego
2065 1035 2150 1100 illi

329 1115 694 1202 Imprudens
727 1118 866 1182 olim
895 1119 1115 1182 faciam
1144 1119 1334 1183 simile
1362 1118 1388 1183 ’.Ρ
1417 1120 1457 1149 ”
1548 1118 1727 1184 Haec
1759 1141 1872 1203 ego
1901 1143 2143 1187 mecum

332 1203 705 1287 Compressis
736 1205 900 1288 agito
928 1206 1152 1283 labris;
1196 1207 1299 1269 ubi
1330 1205 1475 1290 quid
1508 1205 1691 1268 datur
1719 1207 1802 1271 oti

286 1354 293 1362 ,
328 1289 530 1356 Iliudo
561 1292 807 1356 chartis.
898 1291 1037 1356 Hoc
1068 1300 1163 1356 est
1190 1293 1592 1357 mediocribus
1625 1293 1742 1357 illis

330 1375 430 1441 Ex
460 1379 619 1442 vitiis
650 1401 834 1443 unum
863 1400 880 1458 ;
927 1380 1026 1443 cui
1055 1379 1473 1451 siconcedere
1504 1380 1656 1444 nolis

328 1463 533 1528 Multa
561 1467 878 1549 poetarum
908 1466 1113 1530 veniat
1141 1489 1355 1531 manus
1385 1466 1606 1531 auxilio
1635 1487 1794 1550 quae

333 1549 431 1614 Sit
459 1552 603 1614 mihi
637 1554 816 1635 (nam
838 1554 1027 1616 multo
1057 1553 1261 1636 plures
1290 1553 1561 1635 sumus),
1591 1573 1666 1616 ac
1699 1553 1888 1618 veluti
1915 1561 1979 1621 te

327 1635 375 1701 J
378 1635 556 1701 udaei
585 1658 870 1722 cogemus
898 1638 962 1701 in
990 1639 1147 1702 hanc
1178 1639 1512 1703 concedere
1545 1639 1806 1703 turbam.

1076 2065 1511 2133 SATIRA
1580 2066 1676 2137 V.

325 2235 679 2306 EGRESSUM
710 2261 931 2324 magna
958 2263 1055 2305 me
1088 2241 1329 2326 excepit
1356 2187 1570 2305 Kxficia
1598 2241 1794 2309 Roma

324 2323 608 2409 Hospitio
635 2328 870 2392 modico
896 2349 912 2405 3
960 2330 1166 2393 rhetor
1196 2349 1396 2393 comes
1427 2327 1816 2409 HeliodoruS,
1894 2349 1974 2418 ζῆ

326 2409 701 2476 Graecorum
730 2415 908 2498 longe
940 2415 1317 2479 doctissimus
1344 2435 1361 2492 ;
1403 2415 1547 2478 inde
1579 2417 1804 2482 Forum
1833 2415 2024 2504 Appi,

322 2495 648 2564 Differtum
677 2499 878 2586 nautis
908 2503 1274 2585 cauponibus
1304 2510 1492 2585 atque
1520 2501 1816 2586 malignis.

322 2582 464 2648 Hoc
494 2586 613 2650 iter
640 2587 845 2670 ignavi
878 2588 1209 2668 divisimuS‚
1240 2590 1422 2653 altius
1452 2609 1524 2653 ac
1555 2610 1664 2653 nos
1729 2655 1746 2668 φ
1769 2625 1820 2666 μ
1865 2602 1910 2644 Ξ·

324 2669 706 2738 Praecinctis
735 2696 966 2753 unum;
1012 2675 1209 2740 minus
1232 2683 1327 2740 est
1357 2676 1560 2758 gravis
1591 2663 1798 2762 Appia
1825 2675 2038 2742 tardis.

322 2756 447 2822 Hic
480 2781 593 2843 ego
623 2769 870 2846 propter
897 2783 1140 2846 aquam,
1171 2762 1333 2846 quod
1366 2768 1500 2826 erat
1527 2762 1876 2844 deterrima,
1907 2765 2106 2830 ventri

323 2843 538 2910 Indico
568 2847 817 2924 bellum,
852 2856 1177 2912 coenantes
1208 2848 1372 2911 haud
1403 2850 1600 2914 animo
1631 2871 1827 2934 aequo

323 2930 703 3014 Exspectans
734 2935 1001 2996 comites.
1090 2934 1135 2997 J
1138 2956 1237 2996 am
1264 2955 1384 2997 nox
1413 2935 1702 2999 inducere
1734 2937 1914 3002 terris

322 3017 587 3081 Umbras
619 3026 681 3082 et
712 3019 879 3081 caelo
911 3019 1247 3082 diffundere
1280 3020 1456 3101 signa
1485 3022 1741 3104 parabat
1766 3043 1783 3100 ;

320 3104 479 3167 Tum
510 3105 683 3186 pueri
710 3105 932 3184 nautis,
963 3105 1165 3188 pueris
1196 3107 1468 3168 convicia
1495 3114 1717 3170 nautae

321 3187 637 3270 Ingerere.
731 3189 876 3254 Huc
912 3192 1145 3274 appelle
1172 3189 1187 3255 l
1280 3192 1612 3256 Trecentos
1639 3193 1900 3258 inseris:
1948 3196 2061 3260 ohc

320 3274 365 3338 J
370 3297 465 3337 am
495 3275 641 3338 satis
676 3273 811 3340 est!
903 3275 1066 3340 Dum
1098 3297 1203 3339 aes
1234 3277 1527 3360 exigitur,
1559 3278 1702 3342 dum
1733 3281 1898 3342 mula
1926 3282 2174 3366 ligatur,

322 3362 477 3425 Tota
506 3361 632 3424 abit
660 3361 829 3425 hora.
920 3362 1075 3426 Mali
1104 3363 1329 3426 culices
1360 3376 1665 3448 ranaeque
1698 3367 1998 3449 palustres

320 3447 633 3512 Avertunt
662 3470 921 3528 somnoS,
955 3450 1267 3513 absentem
1296 3457 1368 3512 ut
1397 3460 1603 3514 cantat
1633 3453 1889 3517 amicam

320 3534 523 3598 Multa
554 3537 826 3618 prolutus
856 3557 1055 3620 vappa
1082 3544 1271 3600 nauta
1300 3546 1488 3620 atque
1521 3539 1714 3602 viator

323 3619 638 3685 Certatim.
728 3622 1001 3687 Tandem
1032 3625 1225 3688 fessus
1250 3625 1516 3688 dormire
1549 3626 1742 3688 viator

322 3706 572 3792 Incipit,
600 3729 674 3772 ac
705 3709 921 3773 missae
952 3717 1191 3795 pastum
1220 3711 1560 3776 retinacula
1585 3714 1786 3778 mulae

319 3792 539 3886 Nauta
566 3795 742 3881 piger
768 3816 914 3861 saxo
943 3797 1165 3883 refigat
1192 3798 1512 3884 stertitque
1543 3798 1810 3886 supinus.

2342 531 2440 582 1³⁰

2341 963 2438 1012 135

2337 1394 2435 1446 140

2361 3047 2422 3097 lo

2359 3473 2420 3526 15
