2675 4409
21 2653 23 2664 “
21 2501 57 2540 ἰ
20 2187 55 2424 ””““.κ
20 1909 48 2120 Ὺ·
20 1743 41 1848 Ὗ
20 1415 31 1662 -”“’·

1083 265 1214 314 un.
1246 265 1295 314 1.
1330 265 1468 314 sm.
1513 266 1608 314 vt.

296 419 688 485 Persuadere
718 421 905 505 cupit.
997 419 1226 486 Credat
1252 420 1299 485 J
1300 421 1530 486 udaeus
1557 420 1802 506 Apella,

293 506 447 571 Non
478 527 633 590 ego;
677 527 937 590 namque
944 506 1043 656 age
1140 507 1324 571 didici
1355 527 1633 570 securum
1657 527 1841 594 agere
1856 527 2110 599 aevum,

293 591 369 655 N
370 614 441 656 ec
496 593 549 656 si
576 591 723 675 quid
754 593 889 655 miri
918 594 952 656 f
1016 593 1037 655 i
1122 599 1350 656 natura
1399 592 1544 656 deos
1571 593 1636 656 id
1732 637 1752 660 κ

292 677 531 741 Tristes
562 699 639 740 ex
668 679 789 741 alto
819 679 969 742 caeli
1000 677 1315 743 demittere
1347 685 1528 742 tecto·

290 762 717 830 Brundusium
738 763 957 846 longae
974 764 1113 828 finis
1132 765 1496 848 chartaeque
1527 764 1782 849 viaeque
1812 769 1926 828 est.

2264 253 2294 318 1
2306 249 2420 326 41¹*

466 839 723 928 '⁹⁵0³‘

512 915 555 962 '³
1134 969 1351 1022 5120&
1441 971 1512 1004 ,ν
1559 959 1635 1012 Λα
2303 971 2310 978 ·

1060 1060 1381 1130 σφώ
1531 1047 1791 1100 ..wo
1939 979 2256 1084 s

1008 1187 1438 1254 SATIRA
1516 1188 1676 1255 VI.

292 1359 457 1426 NON
509 1361 673 1444 quia,
702 1359 1053 1438 Maecenas,
1082 1358 1392 1445 Lydorum
1421 1356 1706 1444 quidquid
1729 1359 2018 1428 Etruscos

292 1445 565 1510 Incoluit
593 1447 745 1509 fines
793 1467 969 1510 nemo
1000 1445 1343 1530 generosior
1373 1453 1468 1509 est
1495 1455 1580 1526 te,

294 1532 368 1596 Ν
371 1553 441 1596 ec
494 1532 654 1615 quod
685 1553 831 1596 avus
858 1529 965 1594 tibi
994 1538 1300 1595 maternus
1328 1531 1446 1594 fuit
1473 1539 1658 1616 atque
1686 1537 1976 1616 paternus

300 1616 467 1680 Olim
496 1618 600 1700 qui
628 1617 859 1700 magnis
887 1616 1219 1700 legionibus
1263 1617 1700 1701 imperitarent,

297 1703 397 1768 Ut
422 1704 694 1786 plerique
723 1703 938 1781 solent,
968 1723 1113 1766 naso
1142 1703 1458 1787 suspendis
1487 1703 1722 1768 adunco

296 1787 577 1870 Ignotos,
605 1797 675 1851 ut
704 1811 803 1851 me
830 1788 1107 1852 libertino
1136 1795 1307 1870 patre
1337 1795 1567 1852 natum.

300 1873 461 1936 Cum
489 1875 717 1938 referre
746 1882 933 1958 negas
985 1874 1149 1957 quali
1176 1874 1255 1938 sit
1285 1875 1536 1958 quisque
1567 1880 1818 1958 parente

298 1960 507 2023 Natus
559 1960 703 2022 dum
730 1959 1051 2042 ingenuus,
1110 1959 1436 2044 persuades
1465 1961 1576 2024 hoc
1609 1960 1714 2024 tibi
1747 1981 1911 2042 vere,

254 2097 262 2105 .
299 2045 471 2108 Ante
503 2053 860 2130 potestatem
889 2045 1047 2108 Tulli
1077 2055 1258 2129 atque
1288 2045 1546 2128 ignobile
1579 2067 1833 2130 regnum

300 2130 532 2194 Multos
560 2153 740 2215 saepe
772 2131 928 2194 viros
956 2131 1134 2194 nullis
1163 2131 1484 2215 majoribus
1513 2137 1672 2196 ortos

303 2215 389 2279 Et
420 2217 635 2280 vixisse
664 2217 875 2300 probos
928 2217 1138 2298 amplis
1168 2223 1230 2280 et
1258 2217 1578 2280 honoribus
1622 2224 1868 2294 auctos3

306 2301 535 2365 Contra
563 2303 915 2381 Laevinum,
944 2301 1156 2366 Valeri
1186 2323 1378 2384 genus
1433 2302 1593 2365 unde
1641 2304 1937 2388 superbus

301 2387 663 2471 Tarquinius
692 2409 879 2470 regno
907 2389 1113 2470 pulsus
1141 2387 1319 2470 fugit,
1351 2388 1526 2452 unius
1555 2388 1703 2452 assis

303 2472 447 2536 Non
476 2494 740 2556 unquam
770 2473 961 2557 pretio
991 2472 1176 2557 pluris
1204 2473 1454 2550 licuisse,
1473 2480 1717 2537 notante

302 2557 347 2622 J
350 2558 525 2623 udice
581 2579 699 2642 quo
726 2558 883 2621 nosti
934 2559 1172 2643 popule,
1203 2559 1307 2642 qui
1336 2560 1556 2623 stultus
1584 2559 1838 2622 honores

307 2641 503 2728 Saepe
535 2643 641 2708 dat
668 2645 927 2726 indignis
958 2651 1021 2707 et
1049 2646 1243 2707 famae
1274 2644 1462 2706 servit
1489 2645 1751 2726 ineptuS,

306 2728 425 2802 Qui
453 2737 657 2814 stupet
684 2729 745 2792 in
776 2730 963 2793 titulis
993 2737 1056 2792 et
1082 2729 1460 2812 imaginibus.
1552 2727 1710 2802 Quid
1741 2731 1977 2810 oportet

170 2836 177 2844 ⁴
302 2813 434 2878 Nos
462 2816 665 2880 facere
696 2837 735 2878 a
764 2817 939 2898 volgo
970 2816 1144 2896 longe
1175 2816 1476 2900 longeque
1505 2820 1762 2876 remotos
1787 2811 1814 2876 ’ἒ

303 2899 583 2983 Namque
616 2908 743 2964 esto
796 2902 1047 2984 populus
1079 2901 1343 2964 Laevino
1373 2901 1577 2964 mallet
1605 2899 1890 2963 honorem

307 2983 500 3058 Quam
529 2987 719 3050 Decio
748 2987 1033 3050 mandare
1064 3009 1237 3065 nove,
1270 3007 1596 3070 censorque
1627 2991 1896 3050 moveret

306 3071 541 3153 Appius
592 3073 853 3154 ingenuo
882 3072 933 3134 si
961 3095 1080 3134 non
1110 3094 1301 3134 essem
1331 3080 1502 3156 patro
1532 3080 1744 3135 natus:

304 3155 424 3218 Vel
454 3158 663 3220 merito
716 3157 994 3241 quoniam
1020 3158 1081 3220 in
1110 3159 1350 3241 propria
1378 3181 1495 3220 non
1526 3159 1680 3241 pelle
1713 3158 2032 3242 quiessem.
2101 3201 2106 3206 ·

308 3239 429 3304 Sed
461 3243 731 3324 fulgente
764 3243 947 3305 trahit
978 3244 1325 3306 constrictos
1360 3243 1567 3306 Gloria
1596 3266 1778 3306 curru

302 3325 445 3389 Non
476 3329 669 3392 minus
700 3329 933 3411 ignotos
966 3329 1294 3412 generosis,
1389 3329 1520 3402 Quo
1553 3330 1678 3409 tibi,
1712 3330 1869 3411 Tuli,

306 3411 555 3476 Sumere
587 3414 921 3497 depositum
952 3416 1186 3477 clavum
1214 3415 1464 3498 fierique
1497 3416 1732 3477 tribuno
1758 3415 1784 3478 ἲ

300 3497 539 3562 Invidia
568 3500 835 3562 accrevit
884 3500 1115 3582 privato
1146 3522 1300 3584 quae
1330 3501 1521 3563 minor
1549 3507 1728 3563 esset.

302 3581 465 3646 Nam
494 3591 563 3647 ut
591 3586 843 3668 quisque
874 3586 1118 3648 insanus
1147 3587 1334 3669 nigris
1366 3587 1628 3649 medium
1657 3583 1930 3671 impediit
1960 3602 2100 3646 crus

302 3667 569 3733 Pellibus
598 3678 661 3734 et
689 3672 877 3733 latum
909 3671 1146 3734 demisit
1174 3680 1418 3756 pectore
1453 3673 1710 3750 clavum,

2317 2152 2381 2202 10

2319 2579 2382 2628 15

306 3753 498 3822 Audit
525 3757 843 3822 continuo:
879 3755 1080 3832 “Quis
1108 3759 1283 3822 homo
1310 3758 1408 3821 hic
1441 3756 1584 3822 est?
1631 3777 1748 3842 quo
1777 3761 1950 3842 patre
1978 3758 2156 3818 natus
2182 3749 2258 3818 ?''
