2675 4409
381 249 508 314 190
714 294 722 300 ·
1206 265 1651 315 sr1s'romatm
1742 290 1752 299 -

381 417 501 493 Qui
527 417 753 483 fodicet
778 419 940 482 latus
971 425 1034 482 et
1063 425 1242 502 cogat
1271 425 1438 483 trans
1467 395 1735 503 pondera
1764 420 2037 486 dextram

262 515 266 520 ·
381 505 722 587 Pom-igere.
813 511 856 540 “
886 505 1007 568 Hic
1039 506 1292 568 multum
1319 507 1385 568 in
1413 506 1603 569 Fabia
1632 506 1814 585 valet,
1846 508 1943 572 ille
1966 507 2198 572 'Velina
2227 527 2245 589 3

383 589 495 654 Cui
528 591 672 653 libet
699 591 798 654 hic
827 591 1022 653 fasces
1053 591 1219 653 dabit
1249 592 1581 674 eripietque
1614 593 1849 654 curule·

382 675 497 738 Cui
527 678 686 739 volet
714 677 1086 759 importunus
1117 678 1334 739 ebur.'-'
1426 677 1668 754 Frater,
1702 678 1909 758 Pater,
1942 679 2099 741 adde
2126 697 2144 756 3

381 761 474 824 Ut
502 762 716 844 cuique
749 771 844 824 est
873 770 1040 825 aetas
1070 763 1156 824 ita
1187 784 1485 845 quemque
1516 764 1749 826 facetus
1780 765 2017 848 adopta.
2398 785 2471 834 55

383 845 449 909 Si
475 848 631 926 bene
662 848 765 930 qui
798 856 1012 910 coenat
1041 849 1194 910 bene
1227 848 1394 924 vivit,
1425 849 1607 926 lucet,
1638 871 1843 912 eamus

381 930 513 1004 Quo
545 933 712 996 ducit
741 934 884 1016 gula
908 953 924 1008 ;
971 934 1290 1015 piscemur,
1324 955 1634 1011 venemur,
1665 941 1734 997 ut
1762 935 1902 997 olim

381 1017 708 1100 GargiliuS,
744 1019 1050 1101 quimane
1082 1019 1311 1101 plagas,
1344 1020 1661 1098 venabula,
1694 1041 1899 1083 servos

378 1102 697 1166 Diffcrtum
730 1105 982 1166 transire
1013 1105 1208 1166 forum
1237 1106 1641 1188 populumque
1662 1106 1940 1188 jubebat,

378 1189 556 1253 Unus
586 1198 655 1253 ut
684 1211 721 1252 e
749 1191 949 1253 multis
980 1190 1196 1273 populo
1225 1197 1539 1272 spectante
1570 1190 1827 1254 referret
2398 1213 2468 1262 σο

377 1273 665 1358 Emptum
693 1277 888 1348 mulus
919 1297 1151 1358 aprum.
1243 1275 1433 1338 Crudi
1463 1277 1793 1360 tumidique
1820 1277 2115 1354 lavemur,
2450 1291 2456 1296 ·

379 1359 539 1432 Quid
568 1361 803 1438 deceat,
835 1361 981 1444 quid
1009 1383 1149 1440 non,
1181 1362 1369 1439 obliti,
1404 1361 1644 1425 Caerite
1676 1384 1819 1426 cera

377 1445 585 1528 Digni,
616 1447 930 1528 remigium
961 1447 1236 1508 vitiosum
1264 1446 1601 1511 Ithacensis
1632 1447 1857 1527 Ulixei,

379 1530 493 1593 Cui
524 1532 716 1613 potior
742 1533 940 1613 patria
966 1531 1082 1592 fuit
1109 1532 1437 1595 interdicta
1464 1535 1757 1616 voluptas·
1804 1551 1807 1554 ’

379 1613 468 1691 Si,
500 1615 892 1678 Mimnermus
922 1617 1009 1678 uti
1041 1623 1270 1694 censet,
1301 1617 1429 1678 sine
1461 1639 1660 1680 amore
1693 1619 1966 1704 jocisque
2394 1637 2465 1688 65

376 1700 484 1762 Nil
515 1710 607 1762 est
625 1700 984 1784 jucundum,
1015 1702 1182 1764 vivas
1212 1702 1275 1763 in
1307 1723 1507 1765 amore
1530 1703 1825 1786 jocisque.

376 1784 558 1858 Vive,
593 1788 744 1848 vale.
839 1784 906 1848 Si
937 1786 1081 1869 quid
1110 1787 1325 1850 novisti
1356 1788 1584 1851 rectius
1614 1788 1744 1852 istis

378 1871 685 1936 Candidus
713 1872 992 1956 imperti;
1037 1873 1088 1935 si
1116 1894 1236 1937 non
1264 1873 1357 1936 his
1388 1881 1563 1936 utere
1594 1895 1850 1938 mecum.

1273 2163 1288 2182 ,’
1810 2179 1817 2186 ,
2224 2173 2259 2191 ,Γ
2288 2178 2296 2184 .-

1217 2204 1278 2279 ⁵‘⁶“
1318 2227 1352 2270 f
1360 2223 1407 2270 Γ
1470 2213 1509 2249 ‘f‘
1544 2200 1589 2262 ¹³}
1618 2219 1662 2259 C.-
1676 2219 1685 2224 ’
1734 2221 1780 2265 '‘q'
1806 2237 1825 2250 υ·
2078 2179 2096 2206 4
2114 2235 2126 2250 ⁴
2170 2193 2306 2262 ’χφ

1782 2345 1799 2361 .

1034 2295 1550 2387 Ep1sroLA
1607 2295 1785 2361 vus

373 2464 670 2539 QUINQUE
700 2464 827 2529 dies
857 2466 964 2529 tibi
993 2465 1290 2552 pollicitus
1318 2488 1414 2529 me
1444 2488 1585 2529 rure
1617 2467 1910 2546 futurum,

376 2549 670 2615 Sextilem
698 2558 890 2615 totum
920 2553 1179 2615 mendax
1209 2551 1534 2616 desideror.
1626 2551 1819 2634 Atqui

377 2635 446 2700 Si
474 2658 569 2699 me
601 2637 803 2701 vivere
833 2639 922 2701 vis
954 2645 1482 2721 sanum-recteque
1516 2638 1837 2715 valentem,

372 2721 567 2794 Quam
596 2723 740 2784 mihi
771 2724 878 2786 das
907 2745 1090 2807 aegro
1122 2724 1290 2787 dabis
1322 2731 1639 2807 aegrotare
1672 2721 1927 2801 timenti,
2047 2751 2059 2764 ·

371 2807 718 2886 Maecenas,
749 2811 1007 2888 veniam,
1039 2811 1179 2873 dum
1210 2811 1361 2872 ficus
1400 2811 1593 2893 prima
1622 2811 1901 2894 calorque
2014 2867 2022 2874 .
2266 2880 2276 2890 ,
2414 2828 2453 2878 τι

229 2953 241 2960 ,
303 2929 306 2932 ’
373 2893 830 2976 Designatorem
861 2895 1106 2957 decorat
1135 2895 1443 2957 lictoribus
1477 2897 1645 2973 atris,

373 2977 530 3040 Dum
561 2979 762 3061 pueris
793 2979 980 3041 omnis
1011 2986 1184 3062 pater
1217 2987 1279 3041 et
1309 2981 1641 3042 matercula
1672 2981 1879 3063 pallet,

371 3062 765 3144 Officiosaque
799 3063 1087 3126 sedulitas
1119 3070 1182 3124 et
1211 3064 1406 3145 opella
1433 3064 1686 3126 forensis

367 3148 641 3210 Adducit
671 3149 869 3209 febres
896 3156 960 3208 et
989 3154 1350 3210 testamenta
1378 3149 1660 3230 resignat.

369 3232 596 3307 Quodsi
624 3233 838 3294 bruma
865 3232 1034 3294 nives
1063 3231 1317 3295 Albanis
1346 3233 1539 3296 illinet
1568 3233 1750 3316 agriS‚
2390 3254 2441 3305 m

371 3317 471 3383 Ad
501 3338 665 3380 mare
697 3317 1024 3380 descendet
1057 3325 1226 3380 vates
1256 3325 1399 3380 tuus
1428 3325 1491 3381 et
1519 3319 1630 3380 sibi
1660 3323 1870 3402 parcet
2313 3346 2329 3354 ·

244 3479 248 3484 .
369 3402 849 3486 Contractusque
879 3404 1045 3484 leget
1069 3422 1085 3480 ;
1133 3408 1216 3480 te,
1248 3403 1441 3466 dulcis
1472 3405 1684 3482 amice,
1715 3404 1939 3467 reviset

369 3489 520 3553 Cum
553 3489 864 3574 Zephyris,
895 3489 945 3552 si
977 3489 1292 3567 concedeS,
1323 3496 1386 3550 et
1417 3490 1731 3553 hirundine
1764 3489 1972 3572 prima.

367 3575 509 3639 Non
540 3597 658 3658 quo
687 3597 850 3638 more
880 3575 1024 3659 piris
1057 3575 1218 3638 vesci
1249 3573 1507 3639 Calaber
1525 3576 1705 3659 jubet
1731 3577 1947 3658 hospes

365 3662 460 3724 Tu
490 3682 583 3723 me
614 3661 811 3725 fecisti
839 3662 1218 3746 locupletem.
1293 3665 1351 3743 f‘
1376 3661 1646 3725 Vescere
1678 3661 1914 3724 sodes.’'
2383 3682 2441 3730 ιε

364 3750 406 3784 “
430 3746 475 3810 J
477 3768 574 3810 am
601 3748 746 3812 satis
777 3746 937 3812 est.''
1013 3746 1163 3811 “At
1191 3753 1257 3810 tu
1287 3754 1581 3831 quantum
1609 3747 1697 3812 vis
1728 3746 1934 3812 tolle.’'
2010 3750 2053 3784 ‘¹
2072 3745 2419 3831 Benigne.”
