2675 4409
1007 278 1137 325 LIB.
1183 279 1264 326 11.
1313 278 1511 325 cARM.
1560 278 1684 325 ΧΠ.

734 430 982 497 Divisus
1009 433 1243 517 objecto
1293 433 1565 497 remittas

730 517 738 526 ’
827 517 1160 597 Quaerere,
1219 538 1334 582 nec
1366 519 1630 603 trepides
1658 518 1723 582 in
1750 539 1928 584 usum

655 604 968 668 Poscentis
998 603 1131 667 aevi
1160 624 1375 688 pauca.
1462 604 1651 687 Fugit
1677 612 1841 670 retro

652 689 834 754 Levis
854 690 1140 773 juventas
1192 697 1256 753 et
1280 690 1485 769 decor,
1514 691 1687 757 arida

739 772 1015 839 Pellente
1044 776 1298 839 lascivos
1327 796 1560 839 amores

829 859 1064 935 Canitie
1094 862 1451 945 facilemque
1480 882 1773 927 somnum.

655 946 798 1011 Non
831 968 1068 1029 semper
1096 946 1254 1010 idem
1281 947 1525 1010 floribus
1554 954 1649 1010 est
1675 948 1864 1011 honor

652 1032 874 1097 Vernis
926 1053 1122 1115 neque
1151 1053 1272 1095 uno
1301 1031 1477 1095 Luna
1506 1034 1727 1096 rubens
1756 1032 1912 1097 nitet

739 1118 962 1184 Voltu:
987 1118 1132 1201 quid
1163 1118 1425 1181 aeternis
1454 1118 1743 1182 minorem

824 1202 1098 1267 Consiliis
1129 1204 1392 1267 animum
1421 1203 1691 1286 fatigas?

659 1286 783 1351 Cur
807 1309 932 1351 non
957 1290 1068 1352 sub
1098 1290 1221 1352 alta
1250 1290 1348 1352 vel
1378 1290 1619 1372 platano
1648 1288 1746 1351 vel
1772 1287 1889 1352 hac

654 1373 811 1437 Pinu
830 1373 1108 1457 jacentes
1136 1374 1224 1437 sic
1254 1380 1483 1437 temere
1538 1380 1603 1437 et
1630 1394 1765 1437 rosa

742 1457 938 1523 Oanos
967 1459 1198 1523 odorati
1228 1459 1497 1543 eapi1108,

823 1544 988 1607 Dum
1015 1546 1180 1622 licet,
1209 1545 1587 1628 Assyriaque
1616 1543 1807 1609 nardo

657 1628 942 1693 Putamus
969 1629 1186 1694 uncti?
1275 1631 1543 1713 Dissipat
1570 1630 1761 1695 Euius

659 1713 851 1778 Curas
879 1716 1119 1779 edaces.
1209 1713 1359 1789 Quis
1388 1737 1538 1800 puer
1566 1716 1733 1780 ocius

740 1800 1104 1883 Restinguet
1131 1801 1397 1865 ardentis
1425 1801 1668 1864 Falerni

822 1885 1052 1950 Pocula
1079 1893 1505 1971 praetereunte
1532 1884 1829 1971 lympha?

660 1968 808 2044 Quis
837 1970 1079 2035 devium
1107 1980 1371 2036 scortum
1399 1972 1599 2035 eliciet
1627 1972 1800 2036 domo

655 2055 924 2141 Lyden?
1013 2056 1264 2121 Eburna
1316 2058 1415 2121 dio
1446 2078 1560 2139 age
1615 2078 1752 2120 eum
1778 2058 1915 2143 lyra

739 2140 1014 2205 Maturet
1059 2142 1122 2205 in
1151 2150 1453 2227 comptum
1484 2142 1805 2205 Lacaenae

829 2225 1007 2292 More
1037 2248 1237 2293 eomas
1291 2228 1550 2313 religata
1574 2227 1819 2292 nodum.

983 2654 1448 2721 GARMEN
1505 2654 1719 2720 XII.

664 2998 870 3062 Nous
898 2998 1080 3079 longa
1105 2996 1272 3060 ferae
1298 2995 1461 3061 bella
1488 2997 1879 3076 Numantiae,

666 3084 730 3147 N
733 3105 802 3147 ee
832 3083 1028 3145 dirum
1057 3082 1483 3163 Hannibalem,
1511 3104 1624 3147 nec
1657 3081 1927 3147 Siculum
1952 3102 2120 3146 mare

664 3168 868 3233 Poeno
895 3189 1264 3253 purpureum
1291 3167 1583 3251 sanguine
1634 3169 1907 3233 mollibus

919 3253 1142 3337 Aptari
1166 3254 1433 3317 citharae
1463 3253 1651 3317 modis
1671 3273 1693 3331 ς

666 3337 731 3402 N
733 3358 802 3403 eo
831 3360 1042 3402 saevos
1071 3338 1361 3421 Lapithas
1414 3346 1478 3403 et
1503 3339 1749 3403 nimium
1776 3360 1942 3403 mero

666 3424 973 3507 Hylaeum
1025 3424 1403 3508 domitosque
1435 3426 1752 3489 Herculea
1782 3446 1969 3489 manu

665 3510 922 3573 Telluris
943 3510 1223 3593 juvenes,
1252 3513 1413 3573 unde
1442 3510 1775 3593 periculum

923 3594 1192 3677 Fulgens
1221 3595 1580 3659 contremuit
1608 3595 1817 3659 domus

667 3677 918 3743 Saturni
951 3681 1212 3758 veteris3
1257 3688 1443 3763 tuque
1474 3680 1852 3765 pedestribus

666 3764 852 3830 Dices
879 3765 1140 3831 historiis
1169 3766 1395 3850 proelia
1425 3764 1725 3846 Caesaris,

2307 262 2387 329 41

2327 1051 2389 1102 10

2328 1476 2391 1527 15

2340 3780 2403 3830 1⁰
