2675 4409
995 263 1126 310 mn.
1173 263 1224 311 1.
1271 261 1474 310 EPIS'I'.
1522 262 1619 310 xl.

249 413 540 492 Mutatae
569 419 864 502 quatient.
958 415 1026 482 Si
1055 417 1201 502 quid
1227 418 1524 481 mirabere
1576 437 1763 502 pones

251 504 518 568 Invitus.
607 503 781 586 Fuge
811 523 1074 586 magna3
1118 503 1262 566 licet
1289 504 1401 566 sub
1430 523 1695 587 paupere
1724 507 1888 568 tecto

247 590 465 674 Reges
496 596 560 653 et
586 611 799 672 regum
829 589 954 652 vita
983 611 1373 673 praecurrere
1415 589 1656 652 amicos.

255 675 499 739 Cervus
531 696 754 758 equum
782 695 989 759 pugna
1015 675 1224 737 melior
1252 674 1661 738 communibus
1688 673 1891 740 herbis

250 761 558 839 Pellebat,
589 761 779 824 donec
808 761 1002 823 minor
1031 759 1096 822 in
1124 760 1451 823 certamine
1480 760 1659 842 longo

249 847 614 932 Imploravit
640 867 784 930 opes
809 845 1062 909 h‘ominis
1091 845 1449 928 frenumque
1480 844 1749 928 recepit;

255 931 386 996 Sed
417 940 732 1016 postquam
759 931 954 994 victor
981 932 1207 994 violens
1237 931 1513 993 discessit
1540 931 1615 993 ab
1645 931 1817 994 hoste

250 1018 320 1081 N
321 1041 400 1081 on
431 1019 696 1101 equitem
726 1018 923 1096 dot-80,
953 1038 1072 1079 non
1100 1015 1341 1079 frenum
1370 1016 1601 1100 depulit
1629 1037 1753 1079 ore.

253 1103 362 1167 Sic
416 1105 521 1187 qui
551 1103 897 1187 pauperiem
927 1102 1153 1165 veritus
1184 1102 1411 1185 potiore
1442 1101 1699 1166 metallis

250 1188 568 1253 Libertate
599 1196 788 1267 carot,
819 1188 1121 1252 dominum
1153 1187 1315 1250 vehit
1344 1187 1645 1270 improbus
1676 1193 1859 1272 atque

255 1274 502 1339 Serviet
528 1282 862 1352 aeternum,
892 1274 1037 1357 quia
1063 1293 1248 1358 parvo
1275 1271 1508 1335 nesciet
1542 1272 1653 1334 uti.

253 1361 376 1424 Cui
403 1382 525 1424 non
555 1360 870 1424 conveniet
898 1379 1009 1422 sua
1036 1379 1157 1437 res,
1192 1365 1262 1420 ut
1291 1358 1530 1420 calceus
1560 1357 1721 1438 olim,

255 1445 326 1511 Si
355 1447 512 1531 pede
541 1448 732 1531 major
759 1445 897 1523 erit,
926 1445 1257 1522 subvertet,
1287 1443 1338 1506 si
1366 1443 1559 1505 minor
1620 1449 1780 1507 uret.

251 1531 485 1596 Laetus
513 1540 673 1595 sorte
705 1538 812 1596 tua
839 1531 1005 1594 vives
1025 1529 1358 1614 sapienter,
1399 1528 1616 1608 Aristi,

251 1617 318 1681 N
323 1639 392 1681 ec
422 1639 519 1681 me
549 1618 814 1681 dimittes
841 1617 1266 1699 incastigatum
1316 1615 1421 1677 ubi
1450 1615 1624 1698 plura

256 1701 492 1786 Cogere
547 1723 730 1788 quam
757 1703 902 1766 satis
932 1708 1027 1765 est
1077 1721 1149 1764 ae
1179 1722 1298 1764 non
1329 1721 1566 1765 cessare
1597 1699 1865 1764 videbor.

253 1789 529 1874 Imperat
555 1795 663 1853 aut
689 1789 878 1852 servit
905 1788 1158 1852 collecta
1185 1786 1442 1871 pecunia
1472 1787 1713 1870 cuique,

252 1874 506 1939 Tortum
535 1875 720 1958 digna
747 1874 920 1958 sequi
947 1873 1146 1958 potius
1176 1893 1357 1956 quam
1386 1871 1609 1935 ducere
1638 1872 1867 1936 funem.

253 1959 430 2025 Haec
454 1961 564 2024 tibi
591 1959 892 2024 dictabam
922 1966 1058 2042 post
1086 1959 1292 2021 fanum
1321 1965 1499 2042 putre
1528 1957 1847 2040 Vacunae,

257 2046 528 2132 Excepto
557 2045 719 2132 quod
745 2067 866 2110 non
893 2045 1071 2110 simul
1100 2065 1262 2110 esses
1289 2053 1538 2110 caetera
1558 2044 1778 2110 laetus.

881 2470 1296 2538 EPISTO
1328 2471 1469 2536 LA
1542 2469 1706 2536 XI.

254 2648 424 2724 Qun)
454 2646 563 2711 tibi
593 2646 722 2711 visa
749 2643 954 2725 chios,
979 2643 1230 2722 Bulla-ti,
1259 2648 1523 2726 notaque
1555 2639 1804 2718 Lesbos,

253 2735 412 2809 Quid
442 2734 733 2798 concinna
764 2730 998 2810 Samos,
1028 2730 1174 2814 quid
1205 2728 1414 2793 Croesi
1442 2727 1613 2810 regia
1645 2723 1888 2804 SardeS,

256 2819 517 2906 Smyrna
544 2817 700 2904 quid·
719 2825 785 2882 et
814 2815 1167 2901 Colophon?
1203 2814 1443 2899 Majora
1468 2813 1770 2877 minorave
1802 2811 1982 2889 fama,

255 2905 566 2971 Cunetane
596 2925 742 2990 prae
777 2901 1004 2986 Campo
1035 2909 1098 2965 et
1125 2901 1409 2964 Tiberino
1436 2898 1677 2962 flumine
1708 2894 2007 2962 sordent?

252 2992 355 3056 An
380 2991 548 3055 venit
573 2990 637 3053 in
667 2995 869 3053 votum
897 2987 1184 3051 Attalicis
1215 3007 1290 3050 ex
1318 2986 1565 3049 urbibus
1594 3005 1737 3064 una,

252 3077 354 3142 An
381 3076 693 3140 Lebedum
723 3074 935 3138 laudas
965 3073 1098 3136 odio
1127 3073 1308 3134 maris
1341 3078 1521 3156 atque
1552 3067 1835 3134 viarum?

257 3163 384 3228 Scis
437 3162 716 3226 Lebedus
747 3160 892 3244 quid
922 3160 1034 3222 sit:
1087 3157 1293 3222 Gabiis
1323 3156 1615 3221 desertior
1654 3164 1837 3242 atque

252 3248 492 3312 Fidenis
523 3247 730 3320 vicus;
777 3254 978 3309 tamen
1005 3245 1126 3306 illic
1159 3244 1361 3306 vivere
1393 3244 1630 3322 vellem,

254 3334 607 3417 Oblitusque
633 3353 900 3396 meorum
929 3329 1364 3394 obliviscendus
1396 3337 1459 3392 et
1485 3330 1601 3391 illis

252 3420 604 3504 Neptunum
632 3419 841 3504 procul
871 3437 905 3480 e
937 3423 1101 3479 terra
1128 3423 1404 3499 spectare
1426 3415 1750 3477 furentem.

256 3503 377 3569 Sed
405 3525 607 3588 neque
637 3504 741 3588 qui
774 3502 988 3589 Capua
1018 3503 1274 3566 Romam
1305 3500 1459 3586 petit
1488 3500 1679 3562 imbre
1710 3499 1958 3582 lutoque

255 3592 596 3674 Adspersus
626 3590 787 3653 volet
814 3590 878 3652 in
907 3609 1180 3672 caupona
1211 3588 1455 3662 vivere;
1499 3604 1637 3662 neo,
1668 3582 1774 3666 qui

253 3675 467 3760 Frigus
497 3674 742 3761 collegit
791 3675 996 3738 furnos
1027 3681 1090 3736 et
1116 3675 1332 3736 balnea
1360 3669 1571 3734 laudat

256 3758 344 3826 Ut
367 3764 736 3827 fortunatam
765 3761 940 3846 plene
971 3760 1343 3844 praestantia
1370 3757 1574 3820 vitam.

2221 245 2349 311 195

2280 1209 2345 1258 ⁴0

2278 1634 2343 1682 ⁴5

2274 3431 2332 3479 10
