2675 4409
1143 221 1260 270 Ans
1303 207 1595 269 PoiincA.
2284 206 2411 269 229

327 375 644 443 Illecebris
673 380 806 444 erat
834 380 899 439 et
927 381 1104 460 grata
1130 376 1397 449 novitate
1428 374 1751 440 morandus

329 465 670 550 Spectator,
682 464 1046 546 functusque
1077 463 1264 529 sacris
1293 469 1359 525 et
1388 468 1561 545 potus
1591 468 1655 525 et
1684 463 1879 525 exlex.
1945 480 1955 491 ·

322 552 568 615 Verum
596 549 683 611 ita
711 549 951 628 risoreS,
980 549 1068 612 ita
1097 548 1512 612 commendare
1544 547 1780 629 dicaces
2318 568 2413 618 225

329 635 672 700 Conveniet
701 632 975 717 Satyros,
1004 634 1092 697 ita
1122 643 1363 697 vertere
1394 634 1553 697 seria
1579 633 1743 712 lude,

327 723 432 785 Ne
489 722 834 805 quicunque
880 719 1053 799 deus,
1083 720 1429 803 quicunque
1474 719 1854 783 adhibebitur
1880 720 2079 801 heros,

275 814 282 819 ’
326 808 554 891 Regali
584 811 940 889 conspectus
969 806 1033 868 in
1062 826 1208 869 auro
1241 828 1435 889 nuper
1463 812 1525 867 et
1553 812 1734 884 ostr0,

329 894 568 976 Migret
595 893 658 955 in
689 892 973 955 obscuras
1000 892 1211 954 humili
1240 912 1512 955 sermone
1543 890 1846 968 taberna&

327 980 468 1045 Aut
519 978 664 1040 dum
693 978 846 1040 vitat
873 976 1120 1039 humum
1170 978 1360 1041 nubes
1390 984 1453 1041 et
1481 976 1683 1041 inania
1710 982 1975 1061 captet...
2318 994 2417 1047 230

329 1064 589 1129 Effutire
618 1064 785 1127 leves
814 1062 1062 1145 indigna
1086 1062 1431 1145 Tragoedia
1460 1085 1690 1141 versuS,

330 1142 620 1214 Ufffestis
649 1144 932 1211 matronass
951 1148 1178 1211 moveri
1195 1149 1369 1232 jussa
1398 1148 1629 1227 diebus,

330 1236 626 1299 Intererit
660 1233 896 1318 Satyris
926 1234 1194 1317 paullum
1225 1234 1575 1316 pudibunda
1601 1230 1915 1316 protervis.

333 1321 479 1385 Non
509 1342 623 1403 ego
652 1320 930 1383 inornata
957 1325 1022 1382 et
1053 1318 1419 1383 dominantia
1447 1318 1685 1381 nomina
1712 1320 1904 1381 solum

333 1407 686 1490 Verbaque,
716 1406 987 1483 Pisones,
1021 1402 1377 1487 Satyrorum
1406 1404 1661 1487 scriptor
1688 1404 1939 1486 amab03
2318 1406 2415 1473 2'35

332 1493 470 1557 Nec
503 1493 588 1556 sic
621 1491 815 1555 enitar
845 1490 1074 1572 tragico
1105 1490 1342 1553 differre
1374 1490 1557 1555 colori

334 1579 428 1643 Ut
459 1579 603 1641 nihil
631 1576 872 1642 intersit
922 1576 1209 1639 Davusne
1239 1577 1519 1659 loquatur
1548 1581 1611 1639 et
1640 1574 1839 1639 audax
1928 1648 1931 1653 ,

333 1664 590 1749 Pythias
645 1670 924 1735 emuncto
952 1663 1188 1725 lucrata
1223 1660 1466 1726 Simone
1495 1663 1812 1741 talentum,

257 1768 260 1772 ’
333 1751 441 1813 An
471 1758 671 1813 custos
700 1749 1078 1831 famulusque
1109 1748 1209 1811 dei
1240 1746 1479 1811 Silenus
1508 1746 1751 1811 alumni.

335 1836 434 1901 Ex
464 1844 604 1899 noto
632 1836 842 1897 fictum
871 1854 1115 1906 carmen
1143 1854 1385 1917 sequar,
1415 1840 1485 1895 ut
1512 1833 1625 1896 sibi
1655 1832 1879 1915 quivis.
2318 1851 2474 1931 Μίαν

339 1922 560 2007 Speret
586 1922 768 2000 idem,
799 1919 980 1983 sudet
1005 1919 1258 1997 multum
1283 1920 1633 2004 ..frustraque
1668 1919 1901 1985 laboret
1922 1940 1957 1991 l,
2316 1976 2335 1983 ..
2368 1915 2430 1937 s

335 2009 543 2073 Ausus
574 2008 736 2069 idem
761 2028 776 2068 :
826 2011 1062 2071 tantum
1091 1987 1279 2069 sei-'ies'
1295 1984 1701 2089 junctumque
1732 1986 1995 2089 polletp‘}
2022 1997 2030 2005 ’
2060 2000 2071 2009 ’

335 2094 594 2157 Tantum
628 2092 704 2155 de
734 2090 930 2154 medio
959 2091 1210 2174 sumptis
1241 2091 1476 2155 accedit
1504 2091 1766 2175 honoris.

341 2178 520 2243 Silvis
551 2178 796 2242 deducti
827 2184 1083 2239 caveant
1109 2198 1207 2239 me
1227 2176 1435 2260 judice
1466 2176 1683 2255 Fauni,

336 2266 437 2329 Ne
491 2266 660 2329 velut
688 2262 877 2325 innati
908 2261 1098 2325 triviis
1129 2283 1199 2335 ac
1231 2284 1270 2345 p
1388 2282 1421 2323 e
1452 2261 1720 2325 forenses
2318 2280 2413 2329 245

333 2353 470 2415 Aut
497 2350 746 2413 nimium
777 2348 1001 2411 teneris
1021 2326 1288 2431 juvmibfi
1321 2342 1393 2411 tir
1421 2346 1691 2411 versibus
1720 2366 2010 2430 unquam,

335 2439 470 2502 Aut
498 2434 805 2520 immunda
835 2440 1086 2517 crepent
1108 2433 1619 2516 ignominiosaque
1650 2432 1813 2497 dicta
1838 2456 1853 2495 ε

339 2522 744 2585 Offenduntur
774 2519 932 2581 enim
987 2519 1200 2601 quibus
1231 2526 1324 2583 est
1352 2537 1543 2601 equus
1572 2533 1631 2582 et
1662 2526 1835 2601 pater
1863 2522 1927 2580 et
1953 2536 2077 2597 res,

2000 466 2040 495 ι).
2056 449 2081 486 :k
2104 448 2231 495 υἱώ-Ἀ

220 2613 226 2618 ”
335 2608 400 2671 N
403 2630 496 2687 ec,
526 2607 577 2670 si
606 2605 751 2690 quid
779 2604 942 2667 fricti
971 2605 1180 2667 ciceris
1209 2605 1425 2687 probat
1453 2611 1517 2667 et
1543 2604 1714 2667 nucis
1744 2610 1997 2689 emptor,

335 2693 573 2775 Aequis
603 2690 906 2774 accipiunt
935 2690 1148 2753 animis
1177 2690 1477 2753 donantve
1509 2710 1748 2753 corona.
2176 2718 2234 2781 ἢ
2251 2714 2291 2765 s
2320 2702 2415 2757 250

339 2774 590 2860 Syllaba
618 2777 800 2859 longa
827 2774 1000 2839 brevi
1028 2774 1588 2865 subjectffivocatur
1614 2772 1869 2857 iambus,
1951 2774 1961 2805 ³
2004 2766 2097 2817 Ἣ)

338 2860 460 2940 Pes
491 2859 644 2922 citus
670 2877 687 2934 ;
731 2857 893 2921 unde
925 2858 1108 2929 etiam
1135 2855 1422 2925 trimetris
1452 2880 1799 2923 accrescere
1820 2861 1923 2945 jus
1978 2864 2007 2922 t
2292 2914 2301 2925 ,

335 2944 401 3011 Ν
404 2965 578 3029 omen
607 2944 878 3021 iambeiS‚
910 2963 1049 3005 cum
1075 2940 1263 3008 senos
1279 2944 1567 3009 redderet
1596 2945 1753 3009 ictus
1872 2962 1943 3038 =4
1974 2928 2225 3013 ·('.0.2)‘1'1*
2261 2968 2281 2996 Φ
2298 2972 2313 2999 2
2357 2968 2373 3005 ι·

337 3031 576 3111 Pri-mus
607 3030 686 3093 ad
719 3035 1056 3103 extremum
1083 3030 1286 3106 similis
1315 3030 1447 3093 sibi.
1537 3030 1679 3095 Non
1708 3032 1795 3095 ita
1821 3030 2077 3115 pridem,
2150 3014 2343 3109 &Ass
2578 3034 2587 3051 '

334 3116 594 3181 Tar-dior
621 3122 692 3177 ut
721 3115 897 3198 paulo
928 3116 1284 3199 graviorque
1316 3117 1552 3180 veniret
1580 3117 1659 3180 ad
1692 3138 1893 3199 aures,
2202 3157 2210 3171 ι
2321 3131 2417 3185 235

341 3201 649 3285 Spondeos
679 3200 923 3263 stabiles
950 3200 1014 3262 in
1033 3202 1178 3283 jura
1205 3208 1459 3285 paterna
1486 3204 1718 3287 recepit

341 3286 698 3350 Commodus
729 3292 793 3347 et
819 3285 1077 3368 patiens,
1107 3309 1226 3351 non
1257 3294 1326 3350 ut
1356 3289 1431 3351 de
1462 3289 1605 3351 sede
1636 3288 1917 3393 secunda,
1936 3316 1985 3413 Ἰ
2006 3316 2063 3376 0

340 3371 604 3435 Cederet
633 3377 740 3433 aut
769 3378 986 3453 quarta
1015 3372 1332 3435 socialiter.
1424 3374 1545 3437 Hic
1579 3381 1641 3436 et
1669 3374 1731 3436 in
1764 3374 1921 3438 Accl
2144 3412 2165 3429 .«
2247 3405 2265 3436 2

335 3458 654 3522 Nobilibus
685 3456 972 3538 trimetris
1001 3466 1252 3541 apparet
1281 3480 1476 3535 raruS,
1508 3469 1571 3521 et
1602 3458 1762 3519 Enni
1806 3436 2071 3573 {stimuli
2093 3452 2189 3556 ³1²3„
2229 3448 2247 3505 l
2320 3446 2389 3495 ’‘⁴⁸²“

333 3544 414 3606 In
443 3563 688 3605 scenam
715 3542 926 3605 missos
955 3563 1092 3605 cum
1122 3565 1341 3627 magno
1370 3544 1633 3627 pondere
1664 3562 1876 3605 versus
2166 3561 2173 3576 ‘
2324 3560 2417 3610 260

335 3628 472 3690 Aut
497 3648 716 3711 operae
749 3628 962 3691 celeris
989 3629 1238 3695 nimium
1267 3650 1533 3713 curaque
1562 3627 1820 3694 carentis

340 3712 470 3778 Aut
495 3712 807 3797 ignoratae
838 3716 1058 3797 premit
1083 3717 1232 3780 artis
1259 3715 1507 3781 crimine
1536 3714 1719 3801 turpi.
1840 3766 1843 3768 Α

2436 3450 2443 3462 ι
2456 3438 2523 3474 Lx}
