<?xml version="1.0" encoding="UTF-8"?>
<!DOCTYPE html PUBLIC "-//W3C//DTD XHTML 1.0 Transitional//EN"
    "http://www.w3.org/TR/xhtml1/DTD/xhtml1-transitional.dtd">
<html xmlns="http://www.w3.org/1999/xhtml" xml:lang="en" lang="en">
 <head>
  <title>
</title>
<meta http-equiv="Content-Type" content="text/html;charset=utf-8" />
  <meta name='ocr-system' content='tesseract 3.04.00' />
  <meta name='ocr-capabilities' content='ocr_page ocr_carea ocr_par ocr_line ocrx_word'/>
</head>
<body>
  <div class='ocr_page' id='page_1' title='image "./workshorace01chasgoog_0124.png"; bbox 0 0 2675 4409; ppageno 0'>
   <div class='ocr_carea' id='block_1_1' title="bbox 1159 275 2345 341">
    <p class='ocr_par' dir='ltr' id='par_1_1' title="bbox 1159 275 2345 341">
     <span class='ocr_line' id='line_1_1' title="bbox 1159 275 2345 341; baseline 0.001 -1"><span class='ocrx_word' id='word_1_1' title='bbox 1159 293 1352 340; x_wconf 71' lang='lat' dir='ltr'>cm.</span> <span class='ocrx_word' id='word_1_2' title='bbox 1396 294 1459 341; x_wconf 85' lang='lat' dir='ltr'>v.</span> <span class='ocrx_word' id='word_1_3' title='bbox 2218 275 2345 341; x_wconf 79' lang='lat'>109</span> 
     </span>
    </p>
   </div>
   <div class='ocr_carea' id='block_1_2' title="bbox 529 450 2321 3866">
    <p class='ocr_par' dir='ltr' id='par_1_2' title="bbox 529 450 2321 3866">
     <span class='ocr_line' id='line_1_2' title="bbox 582 450 1869 534; baseline 0 -18"><span class='ocrx_word' id='word_1_4' title='bbox 582 452 705 517; x_wconf 88' lang='lat' dir='ltr'>Per</span> <span class='ocrx_word' id='word_1_5' title='bbox 734 451 848 514; x_wconf 92' lang='lat' dir='ltr'>hoc</span> <span class='ocrx_word' id='word_1_6' title='bbox 877 450 1056 513; x_wconf 84' lang='lat' dir='ltr'>inane</span> <span class='ocrx_word' id='word_1_7' title='bbox 1085 473 1386 534; x_wconf 84' lang='lat' dir='ltr'>purpurae</span> <span class='ocrx_word' id='word_1_8' title='bbox 1420 451 1603 514; x_wconf 90' lang='lat' dir='ltr'>decus</span> <span class='ocrx_word' id='word_1_9' title='bbox 1634 471 1869 534; x_wconf 81' lang='lat' dir='ltr'><strong>precor,</strong></span> 
     </span>
     <span class='ocr_line' id='line_1_3' title="bbox 669 537 1736 620; baseline -0.001 -21"><span class='ocrx_word' id='word_1_10' title='bbox 669 537 793 599; x_wconf 90' lang='lat' dir='ltr'>Per</span> <span class='ocrx_word' id='word_1_11' title='bbox 822 537 1291 620; x_wconf 77' lang='lat' dir='ltr'>improbaturum</span> <span class='ocrx_word' id='word_1_12' title='bbox 1320 538 1469 599; x_wconf 90' lang='lat' dir='ltr'>haec</span> <span class='ocrx_word' id='word_1_13' title='bbox 1499 537 1543 599; x_wconf 85' lang='lat' dir='ltr'><strong>J</strong></span> <span class='ocrx_word' id='word_1_14' title='bbox 1545 559 1736 616; x_wconf 82' lang='lat' dir='ltr'>ovem,</span> 
     </span>
     <span class='ocr_line' id='line_1_4' title="bbox 584 622 1808 698; baseline 0.002 -14"><span class='ocrx_word' id='word_1_15' title='bbox 584 623 744 698; x_wconf 86' lang='lat' dir='ltr'>Quid</span> <span class='ocrx_word' id='word_1_16' title='bbox 774 628 845 684; x_wconf 88' lang='lat' dir='ltr'>ut</span> <span class='ocrx_word' id='word_1_17' title='bbox 872 644 1130 685; x_wconf 89' lang='lat' dir='ltr'>noverca</span> <span class='ocrx_word' id='word_1_18' title='bbox 1157 644 1252 685; x_wconf 89' lang='lat' dir='ltr'>me</span> <span class='ocrx_word' id='word_1_19' title='bbox 1283 623 1534 685; x_wconf 88' lang='lat' dir='ltr'>intueris</span> <span class='ocrx_word' id='word_1_20' title='bbox 1586 630 1690 685; x_wconf 85' lang='lat' dir='ltr'>aut</span> <span class='ocrx_word' id='word_1_21' title='bbox 1719 622 1808 686; x_wconf 90' lang='lat' dir='ltr'>uti</span> 
     </span>
     <span class='ocr_line' id='line_1_5' title="bbox 670 705 2320 774; baseline 0.001 -4"><span class='ocrx_word' id='word_1_22' title='bbox 670 707 875 770; x_wconf 88' lang='lat' dir='ltr'>Petita</span> <span class='ocrx_word' id='word_1_23' title='bbox 903 708 1065 770; x_wconf 86' lang='lat' dir='ltr'>ferro</span> <span class='ocrx_word' id='word_1_24' title='bbox 1094 705 1323 770; x_wconf 81' lang='lat' dir='ltr'>belua?</span> <span class='ocrx_word' id='word_1_25' title='bbox 2258 728 2320 774; x_wconf 82' lang='lat' dir='ltr'>m</span> 
     </span>
     <span class='ocr_line' id='line_1_6' title="bbox 585 790 1895 898; baseline 0 -41"><span class='ocrx_word' id='word_1_26' title='bbox 585 792 680 857; x_wconf 86' lang='lat' dir='ltr'>Ut</span> <span class='ocrx_word' id='word_1_27' title='bbox 708 795 860 855; x_wconf 85' lang='lat' dir='ltr'>haec</span> <span class='ocrx_word' id='word_1_28' title='bbox 893 790 1176 855; x_wconf 84' lang='lat' dir='ltr'>trementi</span> <span class='ocrx_word' id='word_1_29' title='bbox 1219 799 1467 876; x_wconf 87' lang='lat' dir='ltr'>questus</span> <span class='ocrx_word' id='word_1_30' title='bbox 1497 814 1597 855; x_wconf 90' lang='lat' dir='ltr'>ore</span> <span class='ocrx_word' id='word_1_31' title='bbox 1630 793 1895 898; x_wconf 79' lang='lat' dir='ltr'>constitit</span> 
     </span>
     <span class='ocr_line' id='line_1_7' title="bbox 670 879 1436 960; baseline 0 -20"><span class='ocrx_word' id='word_1_32' title='bbox 670 879 1016 960; x_wconf 81' lang='lat' dir='ltr'>Insignibus</span> <span class='ocrx_word' id='word_1_33' title='bbox 1046 879 1232 960; x_wconf 89' lang='lat' dir='ltr'>rapt-is</span> <span class='ocrx_word' id='word_1_34' title='bbox 1263 900 1436 960; x_wconf 87' lang='lat' dir='ltr'>puer,</span> 
     </span>
     <span class='ocr_line' id='line_1_8' title="bbox 584 963 1758 1048; baseline -0.001 -20"><span class='ocrx_word' id='word_1_35' title='bbox 584 964 840 1045; x_wconf 89' lang='lat' dir='ltr'>Impube</span> <span class='ocrx_word' id='word_1_36' title='bbox 872 984 1088 1046; x_wconf 90' lang='lat' dir='ltr'>corpus</span> <span class='ocrx_word' id='word_1_37' title='bbox 1143 964 1317 1046; x_wconf 92' lang='lat' dir='ltr'>quale</span> <span class='ocrx_word' id='word_1_38' title='bbox 1351 963 1593 1046; x_wconf 91' lang='lat' dir='ltr'>posset</span> <span class='ocrx_word' id='word_1_39' title='bbox 1578 963 1758 1048; x_wconf 74' lang='lat' dir='ltr'>impia</span> 
     </span>
     <span class='ocr_line' id='line_1_9' title="bbox 668 1046 1563 1147; baseline 0 -37"><span class='ocrx_word' id='word_1_40' title='bbox 668 1046 904 1111; x_wconf 80' lang='lat' dir='ltr'>Mollire</span> <span class='ocrx_word' id='word_1_41' title='bbox 937 1049 1237 1110; x_wconf 83' lang='lat' dir='ltr'>Thracum</span> <span class='ocrx_word' id='word_1_42' title='bbox 1267 1057 1563 1147; x_wconf 79' lang='lat' dir='ltr'>pectora,</span> 
     </span>
     <span class='ocr_line' id='line_1_10' title="bbox 585 1134 2321 1217; baseline -0.001 -19"><span class='ocrx_word' id='word_1_43' title='bbox 585 1134 838 1198; x_wconf 86' lang='lat' dir='ltr'>Canidia</span> <span class='ocrx_word' id='word_1_44' title='bbox 865 1135 1146 1196; x_wconf 89' lang='lat' dir='ltr'>brevibus</span> <span class='ocrx_word' id='word_1_45' title='bbox 1177 1134 1481 1217; x_wconf 84' lang='lat' dir='ltr'>implicata</span> <span class='ocrx_word' id='word_1_46' title='bbox 1509 1134 1728 1217; x_wconf 84' lang='lat' dir='ltr'>viperis</span> <span class='ocrx_word' id='word_1_47' title='bbox 2260 1150 2321 1199; x_wconf 84' lang='lat'>15</span> 
     </span>
     <span class='ocr_line' id='line_1_11' title="bbox 670 1219 1591 1303; baseline -0.002 -20"><span class='ocrx_word' id='word_1_48' title='bbox 670 1221 883 1283; x_wconf 82' lang='lat' dir='ltr'>Crines</span> <span class='ocrx_word' id='word_1_49' title='bbox 913 1227 977 1282; x_wconf 90' lang='lat' dir='ltr'>et</span> <span class='ocrx_word' id='word_1_50' title='bbox 1005 1219 1371 1303; x_wconf 88' lang='lat' dir='ltr'>incomptum</span> <span class='ocrx_word' id='word_1_51' title='bbox 1406 1235 1591 1303; x_wconf 83' lang='lat' dir='ltr'>caput</span> 
     </span>
     <span class='ocr_line' id='line_1_12' title="bbox 582 1304 1691 1388; baseline -0.004 -18"><span class='ocrx_word' id='word_1_52' title='bbox 582 1306 626 1371; x_wconf 84' lang='lat' dir='ltr'><strong>J</strong></span> <span class='ocrx_word' id='word_1_53' title='bbox 629 1305 776 1368; x_wconf 88' lang='lat' dir='ltr'>ubet</span> <span class='ocrx_word' id='word_1_54' title='bbox 803 1305 1092 1388; x_wconf 83' lang='lat' dir='ltr'>sepulcris</span> <span class='ocrx_word' id='word_1_55' title='bbox 1122 1304 1435 1387; x_wconf 88' lang='lat' dir='ltr'>caprificos</span> <span class='ocrx_word' id='word_1_56' title='bbox 1465 1311 1691 1384; x_wconf 87' lang='lat' dir='ltr'>erutas,</span> 
     </span>
     <span class='ocr_line' id='line_1_13' title="bbox 667 1390 1545 1474; baseline -0.003 -20"><span class='ocrx_word' id='word_1_57' title='bbox 667 1392 712 1455; x_wconf 87' lang='lat' dir='ltr'><strong>J</strong></span> <span class='ocrx_word' id='word_1_58' title='bbox 714 1392 861 1454; x_wconf 88' lang='lat' dir='ltr'>ubet</span> <span class='ocrx_word' id='word_1_59' title='bbox 890 1411 1206 1474; x_wconf 86' lang='lat' dir='ltr'>cupressus</span> <span class='ocrx_word' id='word_1_60' title='bbox 1237 1390 1545 1469; x_wconf 76' lang='lat' dir='ltr'>funebreS,</span> 
     </span>
     <span class='ocr_line' id='line_1_14' title="bbox 581 1474 1806 1559; baseline -0.004 -18"><span class='ocrx_word' id='word_1_61' title='bbox 581 1477 666 1541; x_wconf 86' lang='lat' dir='ltr'>Et</span> <span class='ocrx_word' id='word_1_62' title='bbox 693 1485 879 1540; x_wconf 86' lang='lat' dir='ltr'>uncta</span> <span class='ocrx_word' id='word_1_63' title='bbox 909 1476 1100 1559; x_wconf 89' lang='lat' dir='ltr'>turpis</span> <span class='ocrx_word' id='word_1_64' title='bbox 1131 1497 1244 1539; x_wconf 86' lang='lat' dir='ltr'>ova</span> <span class='ocrx_word' id='word_1_65' title='bbox 1274 1497 1459 1538; x_wconf 85' lang='lat' dir='ltr'>ranae</span> <span class='ocrx_word' id='word_1_66' title='bbox 1492 1474 1806 1558; x_wconf 83' lang='lat' dir='ltr'>sanguine,</span> 
     </span>
     <span class='ocr_line' id='line_1_15' title="bbox 667 1561 2319 1645; baseline 0.002 -21"><span class='ocrx_word' id='word_1_67' title='bbox 667 1563 1061 1645; x_wconf 89' lang='lat' dir='ltr'>Plumamque</span> <span class='ocrx_word' id='word_1_68' title='bbox 1092 1569 1419 1625; x_wconf 87' lang='lat' dir='ltr'>nocturnae</span> <span class='ocrx_word' id='word_1_69' title='bbox 1450 1561 1674 1643; x_wconf 89' lang='lat' dir='ltr'>strigis,</span> <span class='ocrx_word' id='word_1_70' title='bbox 2254 1580 2319 1628; x_wconf 78' lang='lat'>20</span> 
     </span>
     <span class='ocr_line' id='line_1_16' title="bbox 579 1645 1866 1730; baseline -0.001 -19"><span class='ocrx_word' id='word_1_71' title='bbox 579 1647 940 1730; x_wconf 88' lang='lat' dir='ltr'>Herbasque</span> <span class='ocrx_word' id='word_1_72' title='bbox 995 1669 1144 1730; x_wconf 82' lang='lat' dir='ltr'>quas</span> <span class='ocrx_word' id='word_1_73' title='bbox 1174 1647 1370 1710; x_wconf 86' lang='lat' dir='ltr'>Iolcos</span> <span class='ocrx_word' id='word_1_74' title='bbox 1401 1654 1581 1730; x_wconf 88' lang='lat' dir='ltr'>atque</span> <span class='ocrx_word' id='word_1_75' title='bbox 1614 1645 1866 1710; x_wconf 80' lang='lat' dir='ltr'>Hiberia</span> 
     </span>
     <span class='ocr_line' id='line_1_17' title="bbox 664 1732 1923 1810; baseline -0.001 -14"><span class='ocrx_word' id='word_1_76' title='bbox 664 1732 860 1796; x_wconf 77' lang='lat' dir='ltr'>Mittit</span> <span class='ocrx_word' id='word_1_77' title='bbox 893 1755 1253 1796; x_wconf 90' lang='lat' dir='ltr'>venenorum</span> <span class='ocrx_word' id='word_1_78' title='bbox 1282 1733 1477 1810; x_wconf 87' lang='lat' dir='ltr'>ferax,</span> <span class='ocrx_word' id='word_1_79' title='bbox 1912 1751 1923 1764; x_wconf 91' lang='lat'><strong>·</strong></span> 
     </span>
     <span class='ocr_line' id='line_1_18' title="bbox 583 1816 1731 1901; baseline 0 -20"><span class='ocrx_word' id='word_1_80' title='bbox 583 1817 666 1882; x_wconf 84' lang='lat' dir='ltr'>Et</span> <span class='ocrx_word' id='word_1_81' title='bbox 695 1840 828 1881; x_wconf 87' lang='lat' dir='ltr'>ossa</span> <span class='ocrx_word' id='word_1_82' title='bbox 858 1819 932 1881; x_wconf 89' lang='lat' dir='ltr'>ab</span> <span class='ocrx_word' id='word_1_83' title='bbox 964 1841 1066 1881; x_wconf 92' lang='lat' dir='ltr'>ore</span> <span class='ocrx_word' id='word_1_84' title='bbox 1096 1827 1270 1900; x_wconf 87' lang='lat' dir='ltr'>rapta</span> <span class='ocrx_word' id='word_1_85' title='bbox 1290 1819 1534 1901; x_wconf 86' lang='lat' dir='ltr'>jejunae</span> <span class='ocrx_word' id='word_1_86' title='bbox 1567 1816 1731 1881; x_wconf 86' lang='lat' dir='ltr'>canis</span> 
     </span>
     <span class='ocr_line' id='line_1_19' title="bbox 666 1903 1506 1967; baseline 0 -1"><span class='ocrx_word' id='word_1_87' title='bbox 666 1904 949 1967; x_wconf 73' lang='lat' dir='ltr'>Flammis</span> <span class='ocrx_word' id='word_1_88' title='bbox 980 1904 1154 1966; x_wconf 88' lang='lat' dir='ltr'>aduri</span> <span class='ocrx_word' id='word_1_89' title='bbox 1187 1903 1506 1967; x_wconf 74' lang='lat' dir='ltr'>Colchicis.-</span> 
     </span>
     <span class='ocr_line' id='line_1_20' title="bbox 579 1987 2317 2072; baseline 0.002 -19"><span class='ocrx_word' id='word_1_90' title='bbox 579 1989 673 2054; x_wconf 77' lang='lat' dir='ltr'>At</span> <span class='ocrx_word' id='word_1_91' title='bbox 701 1989 982 2072; x_wconf 86' lang='lat' dir='ltr'>expedita</span> <span class='ocrx_word' id='word_1_92' title='bbox 1015 1988 1256 2072; x_wconf 84' lang='lat' dir='ltr'>Sagana</span> <span class='ocrx_word' id='word_1_93' title='bbox 1309 2011 1419 2072; x_wconf 89' lang='lat' dir='ltr'>per</span> <span class='ocrx_word' id='word_1_94' title='bbox 1448 1997 1631 2052; x_wconf 89' lang='lat' dir='ltr'>totam</span> <span class='ocrx_word' id='word_1_95' title='bbox 1661 1987 1900 2052; x_wconf 88' lang='lat' dir='ltr'>domum</span> <span class='ocrx_word' id='word_1_96' title='bbox 2162 2007 2167 2010; x_wconf 82' lang='lat'>&#39;</span> <span class='ocrx_word' id='word_1_97' title='bbox 2252 2006 2317 2056; x_wconf 75' lang='lat'>25</span> 
     </span>
     <span class='ocr_line' id='line_1_21' title="bbox 672 2074 1563 2174; baseline 0 -38"><span class='ocrx_word' id='word_1_98' title='bbox 672 2074 977 2174; x_wconf 72' lang='lat' dir='ltr'>Spar-gens</span> <span class='ocrx_word' id='word_1_99' title='bbox 1008 2075 1345 2137; x_wconf 87' lang='lat' dir='ltr'>Avernales</span> <span class='ocrx_word' id='word_1_100' title='bbox 1377 2095 1563 2158; x_wconf 82' lang='lat' dir='ltr'>aquas</span> 
     </span>
     <span class='ocr_line' id='line_1_22' title="bbox 584 2159 1722 2243; baseline -0.001 -19"><span class='ocrx_word' id='word_1_101' title='bbox 584 2160 814 2225; x_wconf 79' lang='lat' dir='ltr'>Horret</span> <span class='ocrx_word' id='word_1_102' title='bbox 843 2160 1172 2243; x_wconf 76' lang='lat' dir='ltr'>capilli8,ut</span> <span class='ocrx_word' id='word_1_103' title='bbox 1199 2161 1463 2223; x_wconf 85' lang='lat' dir='ltr'>marinus</span> <span class='ocrx_word' id='word_1_104' title='bbox 1495 2159 1722 2243; x_wconf 88' lang='lat' dir='ltr'>asperis</span> 
     </span>
     <span class='ocr_line' id='line_1_23' title="bbox 672 2246 1571 2329; baseline 0 -21"><span class='ocrx_word' id='word_1_105' title='bbox 672 2246 938 2309; x_wconf 85' lang='lat' dir='ltr'>Echinus</span> <span class='ocrx_word' id='word_1_106' title='bbox 969 2254 1074 2308; x_wconf 87' lang='lat' dir='ltr'>aut</span> <span class='ocrx_word' id='word_1_107' title='bbox 1125 2267 1375 2309; x_wconf 85' lang='lat' dir='ltr'>currens</span> <span class='ocrx_word' id='word_1_108' title='bbox 1406 2267 1571 2329; x_wconf 86' lang='lat' dir='ltr'>aper.</span> 
     </span>
     <span class='ocr_line' id='line_1_24' title="bbox 581 2329 1593 2395; baseline -0.001 -1"><span class='ocrx_word' id='word_1_109' title='bbox 581 2329 824 2394; x_wconf 88' lang='lat' dir='ltr'>Abacta</span> <span class='ocrx_word' id='word_1_110' title='bbox 851 2332 1014 2393; x_wconf 86' lang='lat' dir='ltr'>nulla</span> <span class='ocrx_word' id='word_1_111' title='bbox 1042 2331 1202 2395; x_wconf 83' lang='lat' dir='ltr'>Veia</span> <span class='ocrx_word' id='word_1_112' title='bbox 1231 2331 1593 2394; x_wconf 80' lang='lat' dir='ltr'>conscientia</span> 
     </span>
     <span class='ocr_line' id='line_1_25' title="bbox 529 2417 2317 2502; baseline 0.003 -24"><span class='ocrx_word' id='word_1_113' title='bbox 529 2497 534 2502; x_wconf 90' lang='lat'>.</span> <span class='ocrx_word' id='word_1_114' title='bbox 669 2417 994 2500; x_wconf 90' lang='lat' dir='ltr'>Ligonibus</span> <span class='ocrx_word' id='word_1_115' title='bbox 1023 2417 1187 2479; x_wconf 89' lang='lat' dir='ltr'>duris</span> <span class='ocrx_word' id='word_1_116' title='bbox 1218 2417 1464 2480; x_wconf 88' lang='lat' dir='ltr'>humum</span> <span class='ocrx_word' id='word_1_117' title='bbox 2254 2435 2317 2484; x_wconf 79' lang='lat'>30</span> 
     </span>
     <span class='ocr_line' id='line_1_26' title="bbox 588 2500 1710 2584; baseline 0.001 -18"><span class='ocrx_word' id='word_1_118' title='bbox 588 2500 999 2566; x_wconf 85' lang='lat' dir='ltr'>Exhauriebat</span> <span class='ocrx_word' id='word_1_119' title='bbox 1049 2503 1359 2584; x_wconf 87' lang='lat' dir='ltr'>ingemens</span> <span class='ocrx_word' id='word_1_120' title='bbox 1387 2504 1710 2584; x_wconf 72' lang='lat' dir='ltr'>laboribuS,</span> 
     </span>
     <span class='ocr_line' id='line_1_27' title="bbox 667 2587 1493 2671; baseline 0.002 -21"><span class='ocrx_word' id='word_1_121' title='bbox 667 2587 800 2661; x_wconf 86' lang='lat' dir='ltr'>Quo</span> <span class='ocrx_word' id='word_1_122' title='bbox 832 2596 1030 2671; x_wconf 88' lang='lat' dir='ltr'>posset</span> <span class='ocrx_word' id='word_1_123' title='bbox 1057 2588 1310 2650; x_wconf 86' lang='lat' dir='ltr'>infossus</span> <span class='ocrx_word' id='word_1_124' title='bbox 1341 2610 1493 2670; x_wconf 90' lang='lat' dir='ltr'>puer</span> 
     </span>
     <span class='ocr_line' id='line_1_28' title="bbox 590 2671 1784 2756; baseline -0.001 -21"><span class='ocrx_word' id='word_1_125' title='bbox 590 2671 798 2756; x_wconf 91' lang='lat' dir='ltr'>Longo</span> <span class='ocrx_word' id='word_1_126' title='bbox 827 2673 922 2735; x_wconf 91' lang='lat' dir='ltr'>die</span> <span class='ocrx_word' id='word_1_127' title='bbox 953 2673 1042 2736; x_wconf 90' lang='lat' dir='ltr'>bis</span> <span class='ocrx_word' id='word_1_128' title='bbox 1071 2681 1283 2756; x_wconf 86' lang='lat' dir='ltr'>terque</span> <span class='ocrx_word' id='word_1_129' title='bbox 1316 2682 1581 2737; x_wconf 88' lang='lat' dir='ltr'>mutatae</span> <span class='ocrx_word' id='word_1_130' title='bbox 1613 2672 1784 2756; x_wconf 83' lang='lat' dir='ltr'>dapis</span> 
     </span>
     <span class='ocr_line' id='line_1_29' title="bbox 668 2758 1323 2841; baseline 0.002 -21"><span class='ocrx_word' id='word_1_131' title='bbox 668 2758 930 2820; x_wconf 90' lang='lat' dir='ltr'>Inemori</span> <span class='ocrx_word' id='word_1_132' title='bbox 959 2760 1323 2841; x_wconf 87' lang='lat' dir='ltr'>spectaculo,</span> 
     </span>
     <span class='ocr_line' id='line_1_30' title="bbox 589 2839 2317 2929; baseline 0.002 -23"><span class='ocrx_word' id='word_1_133' title='bbox 589 2839 745 2906; x_wconf 83' lang='lat' dir='ltr'>Cum</span> <span class='ocrx_word' id='word_1_134' title='bbox 786 2843 1158 2929; x_wconf 76' lang='lat' dir='ltr'>promineret</span> <span class='ocrx_word' id='word_1_135' title='bbox 1211 2865 1313 2906; x_wconf 89' lang='lat' dir='ltr'>ore</span> <span class='ocrx_word' id='word_1_136' title='bbox 1368 2850 1659 2927; x_wconf 88' lang='lat' dir='ltr'>quantum</span> <span class='ocrx_word' id='word_1_137' title='bbox 1691 2844 1930 2906; x_wconf 81' lang='lat' dir='ltr'>exstant</span> <span class='ocrx_word' id='word_1_138' title='bbox 1957 2859 2115 2924; x_wconf 79' lang='lat' dir='ltr'>aqua</span> <span class='ocrx_word' id='word_1_139' title='bbox 2252 2862 2317 2910; x_wconf 81' lang='lat'>35</span> 
     </span>
     <span class='ocr_line' id='line_1_31' title="bbox 673 2929 1527 3012; baseline 0.001 -21"><span class='ocrx_word' id='word_1_140' title='bbox 673 2929 978 3011; x_wconf 87' lang='lat' dir='ltr'>Suspensa</span> <span class='ocrx_word' id='word_1_141' title='bbox 1005 2938 1210 2991; x_wconf 90' lang='lat' dir='ltr'>mento</span> <span class='ocrx_word' id='word_1_142' title='bbox 1239 2950 1527 3012; x_wconf 82' lang='lat' dir='ltr'>corpora3</span> 
     </span>
     <span class='ocr_line' id='line_1_32' title="bbox 586 3012 1843 3098; baseline 0.002 -22"><span class='ocrx_word' id='word_1_143' title='bbox 586 3012 866 3080; x_wconf 84' lang='lat' dir='ltr'>Exsucca</span> <span class='ocrx_word' id='word_1_144' title='bbox 883 3014 973 3076; x_wconf 88' lang='lat' dir='ltr'>uti</span> <span class='ocrx_word' id='word_1_145' title='bbox 1001 3014 1262 3078; x_wconf 84' lang='lat' dir='ltr'>medulla</span> <span class='ocrx_word' id='word_1_146' title='bbox 1291 3023 1356 3077; x_wconf 90' lang='lat' dir='ltr'>et</span> <span class='ocrx_word' id='word_1_147' title='bbox 1385 3015 1617 3078; x_wconf 84' lang='lat' dir='ltr'>aridum</span> <span class='ocrx_word' id='word_1_148' title='bbox 1663 3015 1843 3098; x_wconf 87' lang='lat' dir='ltr'>jecur</span> 
     </span>
     <span class='ocr_line' id='line_1_33' title="bbox 662 3099 1421 3184; baseline 0.001 -23"><span class='ocrx_word' id='word_1_149' title='bbox 662 3099 903 3162; x_wconf 87' lang='lat' dir='ltr'>Amoris</span> <span class='ocrx_word' id='word_1_150' title='bbox 934 3107 1094 3162; x_wconf 88' lang='lat' dir='ltr'>esset</span> <span class='ocrx_word' id='word_1_151' title='bbox 1121 3101 1421 3184; x_wconf 89' lang='lat' dir='ltr'>poculum,</span> 
     </span>
     <span class='ocr_line' id='line_1_34' title="bbox 584 3184 1745 3250; baseline 0.003 -4"><span class='ocrx_word' id='word_1_152' title='bbox 584 3184 978 3247; x_wconf 86' lang='lat' dir='ltr'>Interminato</span> <span class='ocrx_word' id='word_1_153' title='bbox 1033 3209 1168 3250; x_wconf 90' lang='lat' dir='ltr'>cum</span> <span class='ocrx_word' id='word_1_154' title='bbox 1214 3188 1399 3248; x_wconf 90' lang='lat' dir='ltr'>semel</span> <span class='ocrx_word' id='word_1_155' title='bbox 1427 3187 1581 3248; x_wconf 86' lang='lat' dir='ltr'>fixae</span> <span class='ocrx_word' id='word_1_156' title='bbox 1613 3185 1745 3250; x_wconf 89' lang='lat' dir='ltr'>cibo</span> 
     </span>
     <span class='ocr_line' id='line_1_35' title="bbox 672 3269 2316 3354; baseline 0.004 -23"><span class='ocrx_word' id='word_1_157' title='bbox 672 3269 1081 3333; x_wconf 86' lang='lat' dir='ltr'>Intabuissent</span> <span class='ocrx_word' id='word_1_158' title='bbox 1110 3272 1392 3354; x_wconf 89' lang='lat' dir='ltr'>pupulae.</span> <span class='ocrx_word' id='word_1_159' title='bbox 2253 3293 2316 3340; x_wconf 84' lang='lat'>40</span> 
     </span>
     <span class='ocr_line' id='line_1_36' title="bbox 583 3354 1637 3421; baseline 0.004 -4"><span class='ocrx_word' id='word_1_160' title='bbox 583 3354 725 3418; x_wconf 85' lang='lat' dir='ltr'>Non</span> <span class='ocrx_word' id='word_1_161' title='bbox 757 3355 1016 3419; x_wconf 87' lang='lat' dir='ltr'>defuisse</span> <span class='ocrx_word' id='word_1_162' title='bbox 1048 3359 1350 3419; x_wconf 85' lang='lat' dir='ltr'>masculae</span> <span class='ocrx_word' id='word_1_163' title='bbox 1379 3357 1637 3421; x_wconf 88' lang='lat' dir='ltr'>libidinis</span> 
     </span>
     <span class='ocr_line' id='line_1_37' title="bbox 674 3441 1373 3504; baseline 0.003 -2"><span class='ocrx_word' id='word_1_164' title='bbox 674 3441 1112 3503; x_wconf 89' lang='lat' dir='ltr'>Ariminensem</span> <span class='ocrx_word' id='word_1_165' title='bbox 1146 3442 1373 3504; x_wconf 89' lang='lat' dir='ltr'>Foliam</span> 
     </span>
     <span class='ocr_line' id='line_1_38' title="bbox 580 3525 1483 3610; baseline 0.003 -23"><span class='ocrx_word' id='word_1_166' title='bbox 580 3525 663 3588; x_wconf 87' lang='lat' dir='ltr'>Et</span> <span class='ocrx_word' id='word_1_167' title='bbox 693 3527 876 3588; x_wconf 82' lang='lat' dir='ltr'>otiosa</span> <span class='ocrx_word' id='word_1_168' title='bbox 910 3527 1165 3589; x_wconf 87' lang='lat' dir='ltr'>credidit</span> <span class='ocrx_word' id='word_1_169' title='bbox 1195 3527 1483 3610; x_wconf 84' lang='lat' dir='ltr'>Neapolis</span> 
     </span>
     <span class='ocr_line' id='line_1_39' title="bbox 667 3609 1577 3695; baseline 0.003 -23"><span class='ocrx_word' id='word_1_170' title='bbox 667 3609 751 3672; x_wconf 75' lang='lat' dir='ltr'>Et</span> <span class='ocrx_word' id='word_1_171' title='bbox 779 3631 949 3673; x_wconf 89' lang='lat' dir='ltr'>omne</span> <span class='ocrx_word' id='word_1_172' title='bbox 981 3611 1240 3674; x_wconf 89' lang='lat' dir='ltr'>vicinum</span> <span class='ocrx_word' id='word_1_173' title='bbox 1272 3613 1577 3695; x_wconf 85' lang='lat' dir='ltr'>oppidum,</span> 
     </span>
     <span class='ocr_line' id='line_1_40' title="bbox 583 3694 2315 3768; baseline 0.001 -11"><span class='ocrx_word' id='word_1_174' title='bbox 583 3694 752 3768; x_wconf 84' lang='lat' dir='ltr'>Quae</span> <span class='ocrx_word' id='word_1_175' title='bbox 782 3697 981 3758; x_wconf 81' lang='lat' dir='ltr'>sidera</span> <span class='ocrx_word' id='word_1_176' title='bbox 1010 3706 1329 3759; x_wconf 86' lang='lat' dir='ltr'>excantata</span> <span class='ocrx_word' id='word_1_177' title='bbox 1361 3719 1505 3760; x_wconf 89' lang='lat' dir='ltr'>voce</span> <span class='ocrx_word' id='word_1_178' title='bbox 1536 3697 1825 3760; x_wconf 79' lang='lat' dir='ltr'>Thessala</span> <span class='ocrx_word' id='word_1_179' title='bbox 2250 3718 2315 3767; x_wconf 79' lang='lat'>45</span> 
     </span>
     <span class='ocr_line' id='line_1_41' title="bbox 667 3780 1483 3866; baseline 0.003 -24"><span class='ocrx_word' id='word_1_180' title='bbox 667 3780 1019 3864; x_wconf 86' lang='lat' dir='ltr'>Lunamque</span> <span class='ocrx_word' id='word_1_181' title='bbox 1050 3782 1214 3846; x_wconf 76' lang='lat' dir='ltr'>caelo</span> <span class='ocrx_word' id='word_1_182' title='bbox 1246 3783 1483 3866; x_wconf 83' lang='lat' dir='ltr'>deripit.</span> 
     </span>
    </p>
   </div>
   <div class='ocr_carea' id='block_1_3' title="bbox 960 3867 1044 3930">
    <p class='ocr_par' dir='ltr' id='par_1_3' title="bbox 960 3867 1044 3930">
     <span class='ocr_line' id='line_1_42' title="bbox 960 3867 1044 3930; baseline -0.024 0"><span class='ocrx_word' id='word_1_183' title='bbox 960 3867 1044 3930; x_wconf 89' lang='grc'>10</span> 
     </span>
    </p>
   </div>
  </div>
 </body>
</html>
