2675 4409
384 279 466 344 92
1239 287 1591 334 CARMINUM

554 445 820 511 Pomifer
847 443 1230 507 Auctumnus
1253 432 1461 522 fruffiges
1492 437 1789 517 effuderit,
1818 444 1882 502 et
1907 459 2046 502 mox

893 529 1122 592 Bruma
1149 529 1408 590 recurrit
1434 527 1616 590 iners.

497 611 794 788 {Damna
823 621 1023 679 tamen
1053 615 1282 678 celeres
1311 599 1598 696 reparant
1621 567 1907 693 caellestia
1933 611 2152 678 lunae:

896 700 1028 764 Nos
1079 700 1182 762 ubi
1211 697 1564 775 decidimus,

554 786 688 862 Quo
733 783 873 872 pius
916 777 1164 868 Aeneps
1215 806 1334 868 quo
1365 783 1532 846 dives
1560 781 1771 845 Tullus
1800 788 1865 844 et
1890 780 2106 846 Ancus

902 871 1109 934 Pulvis
1139 879 1202 934 et
1229 871 1441 932 umbra
1470 887 1695 931 sumus.

555 954 705 1031 Quis
733 955 848 1021 scit
900 977 978 1020 an
1007 956 1293 1040 adjiciant
1321 954 1643 1017 hodiernae
1676 952 1939 1016 crastina
1966 975 2233 1019 summae

903 1042 1197 1126 Tempora
1226 1040 1290 1103 di
1317 1037 1567 1123 superi?

558 1126 796 1192 Cuncta
821 1149 882 1190 m
907 1139 1032 1190 'nus
1059 1127 1266 1190 avidas
1293 1125 1533 1208 fugient
1591 1102 1839 1231 hellpdis
1886 1125 2079 1190 amico

957 1233 1070 1276 uae
1101 1211 1338 1275 dederis
1370 1209 1587 1277 animo.

559 1296 718 1362 Cum
759 1298 948 1364 semel
993 1294 1287 1362 occideris
1331 1301 1398 1358 et
1432 1295 1513 1359 de
1536 1286 1605 1363 tel
1628 1295 1945 1381 splendida
1970 1295 2171 1360 Minos

900 1382 1142 1447 Fece-rit
1171 1381 1439 1458 arbitria,

557 1467 725 1548 Non,
753 1467 1080 1552 Torquate,
1110 1489 1322 1550 genus,
1348 1487 1467 1528 non
1498 1471 1558 1527 te
1586 1467 1890 1548 facundia,
1904 1485 2043 1530 'non
2070 1473 2131 1532 te

901 1553 1207 1616 Restituet
1233 1553 1461 1635 pietas3
1694 1574 1698 1589 ¹
2026 1614 2035 1621 ,

557 1636 823 1702 Infernis
850 1639 1048 1720 neque
1078 1637 1236 1700 enim
1267 1636 1529 1700 tenebris
1558 1638 1761 1705 Diana
1785 1635 2071 1724 pudIcum

901 1723 1148 1786 Liberat
1176 1722 1598 1806 Hippolytum,

557 1806 698 1873 Nec
727 1808 1000 1874 Iaethnea
1029 1809 1190 1871 valet
1220 1809 1488 1871 Theseus
1518 1809 1872 1894 abrumpere
1902 1808 2077 1872 caro*

902 1893 1166 1960 Vincula
1195 1886 1535 1992 Pirithoo'd

1836 2161 1885 2199 ,-

1047 2317 1497 2384 CARMEN
1554 2318 1815 2385 VIII.

731 2659 1061 2726 DONARBM
1089 2665 1329 2745 pateras
1364 2681 1656 2746 grataque
1686 2659 2053 2743 commodus,

735 2746 1083 2827 Censorino,
1114 2747 1260 2811 meis
1289 2769 1434 2812 aera
1460 2748 1783 2827 sodalibus,

734 2833 1040 2898 Donarem
1071 2833 1359 2918 tripodas,
1388 2835 1655 2919 praemia
1682 2833 1925 2897 fortium

736 2918 1078 2996 Graiorum,
1107 2941 1302 3002 neque
1334 2927 1403 2982 tu
1431 2920 1688 3002 pessima
1716 2939 2029 2981 munerum

733 3003 977 3080 Ferres,
1009 3004 1192 3066 divite
1223 3025 1318 3066 me
1343 3005 1573 3066 scilicet
1602 3003 1817 3065 artium

734 3089 900 3161 Quas
929 3097 1036 3151 aut
1065 3089 1419 3151 Parrhasius
1448 3089 1694 3171 protulit
1746 3093 1855 3150 aut
1884 3086 2134 3172 ScopaS,

733 3173 858 3236 Hic
888 3195 1053 3251 saxo,
1081 3173 1320 3256 liquidis
1352 3173 1449 3235 ille
1480 3174 1771 3237 coloribus

737 3257 961 3323 Sollers
991 3280 1148 3320 nunc
1180 3258 1475 3321 hominem
1505 3281 1750 3342 ponere,
1775 3281 1935 3332 nunc
1966 3258 2166 3322 deum.

741 3342 865 3408 Sed
895 3366 1014 3406 non
1043 3345 1192 3407 haec
1222 3344 1365 3406 mihi
1396 3345 1507 3421 vis,
1536 3367 1655 3408 non
1686 3345 1791 3407 tibi
1820 3346 2029 3407 talium

738 3430 864 3493 Res
895 3439 988 3492 est
1018 3437 1123 3492 aut
1153 3430 1383 3493 animus
1413 3431 1759 3494 deliciarum
1790 3451 1995 3512 egens,

739 3514 986 3578 Gaudes
1008 3517 1367 3578 carminibus
1394 3537 1411 3592 ;
1458 3517 1721 3580 carmina
1748 3537 2059 3599 possumus

732 3601 977 3665 Donare
1032 3609 1094 3664 et
1125 3603 1381 3684 pretium
1413 3602 1612 3665 dicere
1642 3602 1894 3664 muneri.

735 3685 800 3750 N
804 3708 880 3749 on
907 3686 1096 3750 incisa
1124 3687 1279 3750 notis
1308 3708 1603 3750 marmora
1632 3687 1905 3768 publicis,

735 3771 860 3835 Per
890 3794 1044 3856 quae
1075 3773 1317 3858 spiritus
1350 3781 1414 3835 et
1442 3773 1565 3835 vita
1592 3771 1751 3834 redit
1776 3772 1949 3836 bouis

2414 3451 2473 3498 lo
