2675 4409
376 240 499 307 188
1187 257 1634 304 ErrsronAmm

374 410 554 477 Mitte
582 411 749 475 leves
777 430 916 495 spes
945 416 1010 475 et
1039 410 1370 476 certamina
1390 410 1734 476 divitiarum

375 499 460 563 Et
491 496 732 561 Moschi
767 518 1014 563 causam
1044 520 1060 563 z
1107 518 1244 561 cras
1271 504 1413 559 nato
1446 496 1707 562 Caesare
1736 498 1927 563 festus

374 584 501 648 Dat
528 584 762 647 veniam
793 604 1182 667 somnumque
1213 582 1387 659 dies3
1430 584 1671 667 impune
1700 584 1906 649 licebit

374 670 689 733 Aestivam
719 690 990 732 sermone
1019 669 1277 751 benigno
1307 669 1559 733 tendere
1593 681 1853 735 noctem.

378 753 509 827 Quo
538 755 682 817 mihi
709 755 1010 819 fortunam
1061 756 1113 819 si
1140 777 1260 819 non
1289 755 1638 820 conceditur
1664 754 1802 821 uti?

374 840 608 903 Parcus
637 840 710 903 ob
742 840 980 903 heredis
1011 862 1215 904 curam
1244 841 1607 925 nimiumque
1638 862 1885 907 severus

374 926 627 989 Assidet
653 947 900 1003 msano3
948 933 1156 1010 potare
1188 933 1251 989 et
1278 947 1565 1009 spargere
1596 928 1771 991 flores

376 1012 693 1095 Incipiam,
723 1012 1036 1095 patiarque
1068 1012 1165 1075 vel
1191 1012 1563 1075 inconsultus
1591 1012 1822 1076 haberi.

378 1096 537 1170 Quid
568 1119 687 1161 non
716 1098 976 1161 ebrietas
1005 1096 1332 1180 designat?
1360 1094 1591 1181 Operta
1617 1097 1899 1179 recludit,

380 1181 534 1267 Spes
555 1184 733 1267 jubet
762 1200 894 1247 esse
923 1189 1109 1263 ratas,
1139 1182 1217 1246 ad
1247 1184 1475 1266 proelia
1500 1183 1692 1246 trudit
1716 1183 2013 1266 inertem;

381 1267 661 1333 Sollicitis
692 1269 904 1333 animis
918 1289 1081 1331 onus
1109 1268 1335 1347 eximit,
1367 1268 1623 1332 addocet
1652 1275 1832 1334 artes.

375 1352 651 1419 Fecundi
679 1355 899 1419 calices
929 1376 1108 1439 quem
1137 1375 1257 1417 non
1284 1354 1489 1419 fecere
1519 1353 1857 1419 disertum?

379 1440 708 1504 Contracta
735 1461 916 1524 quem
943 1461 1064 1503 non
1091 1440 1154 1503 in
1183 1447 1541 1523 paupertate
1574 1438 1883 1505 solutum?

377 1526 554 1590 Haec
585 1546 699 1609 ego
727 1546 1051 1610 procurare
1082 1531 1146 1588 et
1172 1525 1425 1589 idoneus
1453 1528 1714 1611 imperor
1742 1535 1807 1591 et
1832 1547 1952 1591 non

378 1611 636 1691 Invitus,
666 1632 744 1674 ne
773 1618 950 1694 turpe
980 1612 1155 1689 toral,
1185 1632 1263 1674 ne
1295 1612 1538 1675 sordida
1564 1634 1784 1697 mappa

381 1696 682 1778 Corruget
709 1718 908 1775 nares,
937 1718 1016 1759 ne
1043 1719 1164 1760 non
1192 1704 1256 1760 et
1285 1699 1609 1761 cantharus
1638 1708 1703 1762 et
1730 1701 1873 1763 lanx

383 1781 679 1845 Ostendat
709 1783 816 1845 tibi
849 1790 932 1861 te,
961 1804 1039 1846 ne
1069 1783 1220 1847 fidos
1247 1784 1409 1847 inter
1438 1786 1659 1848 amicos

383 1866 478 1931 Sit
507 1867 610 1951 qui
639 1868 804 1931 dicta
829 1869 990 1933 foras
1019 1870 1306 1948 eliminet,
1335 1878 1407 1934 ut
1436 1872 1609 1933 coe'at
1636 1891 1749 1954 par

377 1953 423 2017 J
425 1961 806 2037 ungaturque
838 1956 988 2039 pari.
1079 1955 1336 2019 Butram
1366 1956 1475 2019 tibi
1508 1956 1983 2043 Septiciumque,

380 2040 464 2102 Et
492 2040 605 2103 nisi
634 2061 818 2104 coena
850 2042 1012 2125 prior
1039 2043 1350 2125 potiorque
1381 2043 1583 2125 puella.
1629 2040 1917 2105 Sabinum

378 2124 651 2205 Detinet,
683 2147 1019 2204 assumam;
1063 2129 1230 2191 locus
1261 2135 1355 2191 est
1384 2134 1447 2192 et
1474 2128 1745 2212 pluribus
1782 2126 2048 2196 umbrisz

381 2209 508 2275 Sed
535 2211 708 2276 nimis
738 2219 873 2276 arta
899 2220 1180 2297 premunt
1210 2213 1405 2277 olidae
1436 2213 1707 2278 convivia
1736 2234 1977 2299 caprae.

377 2296 474 2361 Tu
502 2304 736 2381 quotus.
749 2320 880 2363 esse
910 2300 1057 2365 velis
1085 2298 1373 2379 rescribe,
1404 2306 1468 2363 et
1495 2299 1675 2364 rebus
1710 2299 1940 2368 omissis

375 2382 558 2448 Atria
583 2391 925 2450 servantem
952 2385 1178 2469 postico
1206 2385 1349 2449 falle
1380 2386 1680 2451 clientem.

1024 2812 1578 2894 EPIsroLA
1657 2810 1814 2879 VI.

375 2984 510 3047 ΝΠ,
539 2983 822 3047 admirari
849 3006 1034 3069 prope
1065 3006 1163 3048 res
1195 2991 1290 3047 est
1316 3006 1461 3063 una,
1488 2980 1755 3062 Numici,

379 3069 637 3152 Solaque
692 3091 848 3152 quae
877 3071 1064 3154 possit
1090 3072 1293 3147 facere
1323 3077 1389 3131 et
1416 3072 1660 3131 servare
1690 3068 1955 3132 beatum.

374 3154 559 3217 Hunc
590 3156 774 3217 solem
804 3161 867 3216 et
894 3157 1098 3217 stellas
1129 3162 1192 3218 et
1222 3153 1581 3217 decedentia
1610 3154 1791 3217 certis

374 3240 670 3321 Tempora
698 3240 1009 3302 momentis
1063 3247 1202 3303 sunt
1255 3240 1362 3323 qui
1389 3239 1702 3303 formidine
1734 3240 1901 3304 nulla

373 3323 598 3387 Imbuti
627 3332 942 3407 spectent:
988 3326 1132 3407 quid
1162 3347 1374 3390 censes
1404 3347 1656 3389 munera
1684 3332 1908 3403 terrae,

375 3408 534 3482 Quid
564 3411 744 3473 maris
775 3419 1069 3473 extremos
1100 3412 1336 3475 Arabas
1369 3412 1617 3475 ditantis
1648 3420 1711 3475 et
1743 3411 1951 3492 Indos,

375 3494 637 3560 Ludicra
665 3496 831 3579 quid,
862 3498 1105 3580 plausus
1138 3505 1200 3561 et
1230 3499 1406 3561 amici
1434 3499 1591 3561 dona
1622 3497 1871 3571 Quiritis
1896 3497 1923 3559 ’ἰ

378 3580 509 3655 Quo
538 3582 868 3665 spectanda
894 3582 1091 3663 mode,
1121 3605 1240 3667 quo
1269 3606 1454 3648 sensu
1484 3584 1682 3646 credis
1712 3590 1776 3646 et
1802 3581 1955 3646 ore?

375 3666 495 3740 Qui
523 3669 695 3732 timet
719 3668 812 3731 his
841 3668 1098 3732 adversa
1147 3670 1276 3733 fere
1305 3670 1561 3733 miratur
1590 3668 1800 3731 eodem

375 3751 510 3825 Quo
538 3754 786 3839 cupiens
837 3762 1052 3839 pact03
1099 3776 1288 3839 pavor
1313 3762 1410 3819 est
1436 3753 1754 3837 utrobique
1782 3753 2091 3835 molestus,

2400 608 2467 659 10

2399 1038 2468 1086 15

2399 3777 2463 3828 10
