2675 4409
961 266 1092 313 LIB.
1138 265 1187 313 1.
1233 264 1438 312 EPIST.
1483 264 1560 312 11.

219 422 296 488 In
323 428 466 488 cute
495 419 766 486 curanda
792 418 928 503 plus
957 440 1150 502 aequo
1177 425 1425 501 operata
1442 419 1753 503 juventus,

220 510 336 575 cui
361 509 684 593 pulchrum
710 506 830 572 fuit
855 506 919 569 in
949 505 1174 570 medios
1203 504 1461 569 dormire
1490 504 1618 573 dies
1648 512 1713 569 et

217 595 323 659 Ad
351 594 670 676 strepitum
699 592 966 657 citharae
994 600 1292 656 cessatum
1319 590 1545 655 ducere
1576 611 1804 656 curam.

221 681 308 743 Ut
325 681 616 764 jugulent
642 677 910 740 homines
961 683 1218 758 surgunt
1249 677 1324 738 de
1356 683 1530 738 nocte
1566 676 1827 740 latrones
1851 698 1869 740 z

222 766 308 828 Ut
338 774 401 828 te
433 758 628 848 ipsum
657 783 858 827 serves
910 784 1029 824 non
1061 762 1491 844 expergisceris
1518 760 1543 823 ’ἒ
1631 762 1825 845 Atqui

223 850 289 914 Si
318 850 489 913 noles
518 870 698 913 sanus
751 869 955 910 curres
984 846 1384 930 hydropicus3
1431 853 1494 908 et
1521 846 1584 908 ni

219 937 448 999 Posces
479 943 618 997 ante
650 934 806 996 diem
834 933 1053 995 librum
1084 952 1220 993 cum
1259 932 1504 1010 lumine,
1536 930 1587 993 si
1616 952 1735 995 non

218 1021 517 1083 Intendes
545 1018 806 1081 animum
835 1017 1046 1082 studiis
1076 1024 1140 1082 et
1165 1016 1346 1082 rebus
1374 1016 1659 1096 honestis,

217 1105 466 1168 Invidia
492 1105 590 1168 vel
618 1124 816 1167 amore
847 1102 991 1185 vigil
1017 1101 1398 1185 torquebere.
1486 1100 1650 1164 Nam
1680 1122 1791 1165 our

220 1189 399 1263 Quae
427 1189 679 1252 laedunt
709 1186 914 1250 oculos
943 1186 1196 1253 festinas
1226 1187 1495 1263 demere,
1526 1187 1578 1251 si
1608 1187 1756 1271 quid

219 1276 340 1338 Est
363 1274 626 1337 animum
679 1272 878 1335 differs
907 1271 1158 1337 curandi
1187 1278 1425 1355 tempus
1453 1270 1516 1335 in
1556 1292 1777 1338 annum
1802 1270 1831 1335 ἲ

218 1360 557 1423 Dimidium
585 1358 732 1426 facti
783 1358 888 1441 qui
917 1358 1116 1441 coepit
1166 1357 1385 1422 habet:
1433 1376 1644 1440 sapere
1675 1357 1865 1436 aude;

219 1445 460 1529 Incipe.
550 1443 668 1518 Qui
695 1451 860 1507 recte
891 1442 1130 1510 vivendi
1158 1448 1443 1525 prorogat
1470 1443 1679 1512 horam

217 1530 515 1595 Rusticus
544 1534 855 1611 exspectat
905 1528 1050 1594 dum
1078 1528 1300 1595 defluat
1329 1527 1557 1605 amnis3
1603 1535 1667 1593 at
1694 1528 1795 1597 illo

218 1616 481 1683 Labitur
509 1623 572 1679 et
598 1616 834 1678 labetur
859 1613 923 1676 in
951 1633 1126 1681 omne
1157 1613 1430 1678 volubilis
1460 1634 1695 1680 aevum.

221 1700 555 1774 Quaeritur
584 1706 901 1783 argentum
929 1698 1251 1782 puerisque
1280 1698 1461 1763 beata
1490 1699 1763 1763 creandis

218 1786 423 1865 Uxor,
457 1794 522 1849 et
548 1786 808 1853 incultae
839 1791 1134 1869 pacantur
1164 1805 1401 1851 vomere
1432 1783 1615 1848 silvae
1634 1807 1657 1847 ι

219 1872 402 1945 Quod
435 1872 580 1935 satis
609 1879 702 1934 est
731 1871 830 1933 cui
859 1870 1152 1952 contingit
1204 1870 1290 1933 nil
1319 1870 1571 1952 amplius
1600 1881 1787 1953 optet.

215 1958 282 2021 N
283 1980 370 2021 on
398 1957 608 2019 domus
639 1965 701 2019 et
729 1955 973 2033 fundus,
1004 1977 1123 2019 non
1153 1956 1308 2019 aeris
1337 1975 1589 2021 acervus
1618 1963 1683 2019 et
1712 1954 1845 2021 auri

215 2044 499 2125 Aegroto
530 2041 750 2105 domini
778 2041 1025 2105 deduxit
1054 2062 1300 2124 corpore
1329 2040 1551 2119 febres,

218 2128 284 2193 N
285 2150 370 2193 on
398 2128 594 2191 animo
625 2148 817 2192 curas.
865 2125 1089 2191 Valeat
1117 2147 1419 2210 possessor
1446 2131 1683 2211 oportet

221 2212 290 2277 Si
321 2213 706 2297 comportatis
735 2214 916 2279 rebus
943 2212 1096 2279 bene
1127 2212 1353 2294 cogitat
1380 2213 1490 2281 uti.

218 2298 344 2372 Qui
373 2299 543 2383 cupit
568 2305 674 2362 aut
702 2298 918 2363 metuit
959 2298 1137 2382 juvat
1163 2298 1330 2363 illum
1373 2297 1457 2363 sic
1489 2297 1697 2363 domus
1728 2301 1793 2361 et
1816 2314 1917 2364 res

216 2384 314 2449 Ut
342 2385 574 2467 lippum
601 2384 799 2468 pictae
828 2384 1090 2461 tabulae,
1119 2384 1385 2448 fomenta
1412 2382 1763 2467 podagram,

217 2469 550 2533 Auriculas
580 2470 844 2533 citharae
875 2470 1126 2533 collecta
1154 2468 1329 2535 sorde
1360 2467 1651 2538 dolentes.

224 2553 547 2618 Sincerum
575 2561 670 2617 est
695 2554 810 2627 nisi
836 2574 943 2619 vas
997 2554 1401 2638 quodcunque
1445 2553 1711 2620 infundis
1740 2548 1984 2619 acescit·

225 2638 462 2723 Sperne
492 2641 852 2723 voluptates,
875 2647 1055 2705 nocet
1077 2646 1283 2725 empta
1304 2638 1506 2705 dolore
1534 2639 1829 2721 voluptas.

229 2722 484 2809 Semper
512 2745 730 2788 avarus
760 2731 935 2807 eget:
985 2731 1216 2789 certum
1243 2731 1383 2790 voto
1410 2730 1551 2807 pete
1585 2724 1787 2789 finem.

224 2809 479 2873 Invidus
508 2810 756 2874 alterius
783 2810 1100 2875 macrescit
1126 2811 1306 2875 rebus
1336 2809 1577 2892 opimisz

227 2895 467 2960 Invidia
497 2894 686 2959 Siculi
713 2918 834 2959 non
859 2896 1145 2959 invenere
1175 2894 1415 2981 tyranni

227 2980 431 3065 Majus
462 2988 844 3047 tormentum.
890 2976 900 2985 ’
934 2980 1054 3054 Qui
1081 3003 1200 3045 non
1241 2978 1646 3044 moderabitur
1679 2976 1807 3043 irae

228 3064 530 3129 Infectum
559 3067 721 3129 volet
749 3087 902 3145 esse,
933 3067 1101 3131 dolor
1128 3066 1288 3150 quod
1318 3064 1575 3132 suaserit
1604 3071 1667 3127 et
1694 3084 1885 3145 mens,

228 3150 387 3214 Dum
417 3172 641 3234 poenas
669 3152 802 3215 odio
829 3173 940 3235 per
969 3152 1090 3215 vim
1119 3152 1365 3215 festinat
1391 3151 1601 3213 inulto.

227 3235 330 3299 Ira
356 3237 528 3300 furor
554 3237 750 3300 brevis
781 3244 913 3301 est:
961 3238 1224 3301 animum
1253 3258 1421 3319 rege,
1450 3236 1555 3319 qui
1582 3234 1697 3299 nisi
1726 3242 1903 3320 paret

227 3319 532 3405 Imperat:
578 3322 738 3385 hunc
767 3323 976 3401 frenis,
1003 3323 1164 3385 hunc
1195 3329 1262 3385 tu
1292 3340 1599 3405 compesce
1632 3328 1867 3384 catena.

227 3405 432 3489 Fingit
461 3428 682 3490 equum
713 3415 923 3472 tenera
953 3408 1204 3473 docilem
1233 3408 1470 3471 cervice
1499 3407 1787 3489 magister

228 3490 327 3553 Ire
359 3493 540 3571 viam,
571 3514 690 3575 qua
717 3500 1006 3557 monstret
1035 3514 1259 3576 eques3
1304 3494 1638 3569 venaticuS,
1668 3494 1744 3555 ex
1773 3510 1892 3574 quo

228 3576 518 3661 Tempore
551 3579 852 3643 cervinam
877 3581 1094 3663 pellem
1120 3580 1365 3643 latravit
1393 3579 1457 3641 in
1485 3578 1645 3654 aula,

225 3660 456 3727 Militat
481 3663 547 3726 in
575 3664 736 3728 silvis
765 3666 1020 3729 catulus.
1109 3664 1175 3728 N
1175 3685 1294 3729 unc
1325 3664 1539 3727 adbibe
1570 3680 1719 3744 puro

227 3745 484 3813 Pectore
515 3750 711 3838 verba,
728 3772 900 3899 ῑίιὲοῖ,
927 3770 1088 3815 nunc
1117 3756 1180 3815 te
1208 3748 1549 3813 melioribus
1577 3745 1743 3811 offer.

2235 1804 2299 1853 45
