2675 4409
902 325 1035 371 m.
1082 325 1177 372 1v.
1225 325 1424 372 cm.
1471 327 1586 374 xv.
2215 311 2300 375 99

645 477 891 544 Vexare
922 485 1150 545 turmas
1203 489 1266 546 et
1294 481 1648 544 frementem

732 563 983 629 Mittere
1016 587 1237 652 equum
1265 565 1492 629 medios
1522 588 1632 650 per
1658 567 1854 650 ignes.

562 647 663 713 Sic
694 651 1054 716 tauriformis
1084 653 1342 716 volvitur
1370 651 1653 730 AufiduS,
2234 676 2300 726 αἱ

566 735 703 810 Qua
732 758 922 820 regna
951 737 1155 802 Dauni
1184 737 1462 824 praefluit
1488 738 1700 822 Apuli,

639 820 798 885 Cum
826 823 1021 885 saevit
1049 823 1532 906 horrendamque
1564 824 1744 888 cultis

728 907 1032 971 Diluviem
1060 910 1386 972 meditatur
1416 909 1600 991 agri-¹2⁸,

557 993 650 1057 Ut
676 993 1064 1057 barbarorum
1099 995 1385 1059 Claudius
1415 995 1656 1077 agmina

556 1078 815 1143 Ferrata
835 1087 1003 1143 vasto
1034 1080 1218 1143 diruit
1245 1080 1474 1164 impetu
2235 1105 2299 1156 ω

640 1164 993 1250 Primosque
1025 1173 1088 1229 et
1117 1174 1413 1229 extremos
1441 1165 1720 1229 metendo

728 1249 959 1315 Stravit
984 1252 1230 1314 humum
1283 1252 1410 1314 sine
1444 1250 1616 1313 clade
1647 1251 1860 1332 victor,

558 1335 645 1400 Te
676 1337 897 1420 copias,
930 1345 989 1400 te
1023 1336 1330 1400 consilium
1363 1344 1426 1399 et
1453 1342 1588 1398 tuos

556 1422 895 1486 Praebente
927 1423 1115 1486 divos.
1206 1422 1370 1485 Nam
1399 1420 1522 1500 tibi,
1533 1443 1656 1506 quo
1685 1421 1783 1488 die

644 1507 865 1571 Portus
893 1507 1285 1572 Alexandrea
1312 1508 1566 1591 supplex
2233 1527 2294 1579 at
2389 1577 2404 1590 ,

727 1592 813 1656 Et
841 1615 1092 1658 vacuam
1122 1593 1410 1678 patefecit
1439 1593 1657 1674 aulam,

556 1677 827 1743 Fortuna
852 1680 1041 1743 lustro
1070 1701 1358 1764 prospera
1387 1679 1564 1742 tertio

556 1763 716 1827 Belli
744 1765 1038 1829 secundos
1066 1765 1330 1828 reddidit
1360 1766 1576 1844 exituS,

643 1849 1033 1934 Laudemque
1066 1856 1129 1913 et
1156 1858 1427 1935 optatum
1455 1851 1716 1934 peractis

729 1936 1005 2020 Imperiis
1036 1936 1221 2000 decus
1252 1937 1575 2020 arrogavit.
2233 1945 2318 2006 ω’

554 2019 640 2084 Te
670 2020 977 2086 Cantaber
1005 2043 1122 2084 non
1153 2030 1292 2085 ante
1324 2022 1632 2086 domabilis

554 2106 897 2192 Medusque
952 2116 1015 2171 et
1044 2108 1256 2187 Indus,
1286 2115 1349 2171 te
1379 2107 1670 2192 profugus
1703 2105 1964 2194 Scythes

640 2191 929 2273 Miratur,
957 2216 992 2256 o
1023 2195 1213 2256 tutela
1241 2215 1527 2278 praesens

729 2277 945 2344 Italiae
978 2279 1370 2364 dominaeque
1401 2281 1650 2342 Romae.

558 2363 644 2427 Te
674 2365 924 2427 fontium
956 2366 1059 2448 qui
1090 2366 1248 2428 celat
1276 2365 1536 2448 origines
2231 2385 2295 2434 4¹·-

558 2448 856 2534 Nilusque
913 2458 977 2514 et
1006 2451 1188 2528 Ister,
1219 2457 1281 2514 te
1314 2451 1559 2535 rapidus
1589 2449 1809 2534 Tigris,

639 2535 726 2598 Te
779 2533 1057 2599 beluosus
1090 2537 1191 2619 qui
1222 2538 1464 2599 remotis

733 2619 1043 2706 Obstrepit
1074 2620 1354 2686 Oceanus
1387 2621 1714 2702 BritanniS,

560 2704 647 2768 Te
677 2728 795 2770 non
822 2708 1099 2790 paventis
1124 2709 1346 2770 funera
1378 2706 1610 2770 Galliae

558 2790 885 2875 Dur-aeque
917 2793 1095 2856 tellus
1126 2793 1296 2856 audit
1324 2792 1639 2868 Hiberiae,
2232 2809 2298 2857 50

642 2875 729 2940 Te
762 2877 946 2941 caede
978 2879 1314 2962 gaudentes
1349 2875 1652 2962 Sigambri

732 2961 1083 3050 Compositis
1112 2972 1480 3029 venerantur
1509 2963 1708 3026 armis.

906 3389 1373 3457 GARMEN
1441 3389 1616 3456 XV.

564 3729 869 3796 Pnomus
900 3734 1199 3797 volentem
1229 3732 1455 3817 proelia
1482 3753 1577 3794 me
1608 3729 1772 3816 loqui

567 3815 781 3882 Victas
813 3826 877 3882 et
906 3821 1085 3883 urbes
1114 3819 1414 3903 increpuit
1441 3819 1598 3902 lyra,

1769 4098 2306 4232 8275ss1
