2675 4409
986 262 1116 310 mn.
1135 215 1142 223 ’
1159 261 1236 310 11.
1281 261 1418 312 ειη.
1462 264 1585 314 vn.
2206 252 2335 320 175

975 509 1362 576 SATIRA
1420 510 1611 578 VII.

218 685 262 722 “
281 683 332 750 J
336 701 668 750 nmmum
698 683 972 748 ausculto
1004 689 1068 746 et
1097 683 1347 768 cupiens
1377 683 1484 748 tibi
1516 685 1719 750 dicere
1750 707 1961 752 nervus

219 770 438 835 Pauca
465 768 856 835 reformid0.’'
949 774 989 806 ‘⁴
1017 769 1408 834 Davusne?”
1501 777 1543 808 “
1569 771 1694 852 Ita,
1724 771 1958 854 Davus,
1990 773 2248 840 amicum

218 855 606 942 Mancipium
637 857 874 920 domino
907 862 970 919 et
998 856 1160 939 frugi
1190 857 1353 939 quod
1384 857 1463 921 sit
1490 859 1661 939 satiS,
1692 859 1803 922 hoe
1836 866 1952 941 est,

218 942 320 1006 Ut
349 945 532 1007 vitale
566 955 765 1027 putes.
773 943 813 973 '’
905 947 946 979 “
969 943 1136 1026 Age,
1167 943 1450 1006 libertate
1480 943 1830 1024 Decembri,

220 1028 484 1102 Quando
513 1031 603 1093 ita
631 1031 890 1113 majores
921 1030 1266 1108 voluerunt,
1295 1037 1513 1106 utere;
1548 1031 1768 1094 narra?
2296 1049 2330 1101 ὓ

218 1120 262 1152 “
283 1116 440 1180 Pars
469 1117 777 1179 hominum
810 1115 970 1178 vitiis
1003 1115 1230 1198 gaudet
1261 1111 1612 1180 constanter
1642 1125 1705 1180 et
1733 1121 1917 1200 urget

169 1247 176 1252 -
217 1201 644 1286 Propositum3
693 1223 838 1286 pars
867 1203 1060 1264 multa
1088 1209 1283 1280 natat,
1313 1203 1491 1265 modo
1522 1210 1694 1268 recta
1725 1221 2071 1289 capesseuS,

218 1287 547 1352 Interdum
575 1289 780 1372 pravis
811 1289 1083 1351 obnoxia.
1179 1286 1379 1371 Saepe
1410 1295 1653 1353 notatus

220 1373 380 1438 Cum
409 1376 604 1438 tribus
633 1375 910 1453 annellis,
939 1375 1116 1438 modo
1144 1375 1320 1438 laeva
1349 1374 1643 1438 Priscus
1627 1373 1815 1456 mani,

217 1461 399 1524 Vixit
428 1462 788 1544 inaequaliS,
820 1462 1059 1524 clavum
1088 1468 1158 1524 ut
1186 1461 1495 1524 mutaret
1481 1485 1543 1524 1n
1572 1462 1777 1544 horas,
2270 1484 2331 1534 ιο

217 1547 501 1610 Aedibus
533 1569 609 1610 ex
639 1548 874 1630 magnis
904 1548 1100 1610 subito
1131 1569 1195 1610 se
1230 1547 1545 1625 conderet,
1576 1549 1739 1614 unde

218 1633 515 1698 Mundior
545 1634 740 1697 exiret
772 1635 869 1697 vix
900 1634 1215 1696 libertinus
1245 1635 1496 1698 honeste
1520 1656 1538 1711 ;

219 1721 364 1784 Jam
393 1721 684 1784 moechus
715 1721 970 1799 Romae,
989 1721 1122 1804 jam
1151 1721 1359 1784 mallet
1390 1721 1603 1784 doctus
1632 1721 1896 1786 Athenis

220 1807 481 1886 Vivere,
515 1805 896 1888 Vertumnis,
928 1813 1224 1890 quotquot
1253 1813 1418 1885 sunt,
1450 1815 1629 1870 natus
1657 1808 1894 1892 iniquis.

223 1893 458 1957 Scurra
488 1893 880 1973 VolaneriuS,
912 1900 1230 1977 postquam
1261 1894 1349 1956 illi
1370 1895 1542 1977 justa
1572 1894 1869 1978 cheragra
2268 1905 2325 1956 1⁵

222 1980 522 2044 Contudit
553 1980 859 2058 articulos,
892 1981 997 2064 qui
1027 2001 1134 2063 pro
1165 2001 1230 2042 se
1262 1981 1504 2043 tolleret
1534 1989 1717 2064 atque
1825 2016 1834 2024 -
2264 1974 2271 1983 ’
2324 1993 2339 2010 ’

218 2067 508 2130 Mitteret
536 2067 600 2130 in
630 2067 898 2150 phimum
930 2067 1102 2144 talos,
1133 2067 1415 2129 mercede
1444 2067 1663 2130 diurna

221 2153 612 2218 Conductum
643 2154 855 2237 pavit,
838 2173 854 2187 ·
902 2159 1129 2236 quanto
1161 2154 1531 2216 constantior
1558 2153 1752 2216 isdem

219 2241 300 2304 In
330 2240 518 2320 vitiis,
547 2246 719 2302 tanto
749 2240 940 2302 levius
971 2238 1154 2301 miser
1183 2259 1256 2302 ac
1287 2239 1452 2322 prior
1480 2240 1604 2318 ino,

221 2326 393 2411 Quij
399 2348 496 2390 am
528 2333 834 2404 contento,
855 2327 987 2410 jam
1013 2326 1151 2388 laxo
1179 2325 1328 2388 fune
1359 2325 1611 2388 laborat.
1617 2325 1656 2356 ’'
2103 2333 2111 2339 '
2260 2343 2327 2395 m

221 2418 262 2451 “
279 2413 430 2477 Non
459 2412 627 2475 dices
657 2411 860 2489 hodie,
890 2433 1176 2496 quorsum
1204 2411 1356 2474 haec
1388 2419 1513 2476 tam
1545 2412 1761 2494 putida
1791 2409 2067 2491 tendant,

221 2500 547 2565 Furcifer.
525 2497 620 2648 ‘21¹’
713 2502 754 2534 ‘⁶
775 2497 884 2561 Ad
928 2505 1013 2578 te,
1057 2497 1330 2581 inquam.
1335 2497 1377 2528 ''
1470 2503 1511 2536 “
1540 2497 1673 2572 Quo
1716 2505 1917 2582 pact0,
1961 2496 2323 2581 pessime?'’

485 2589 528 2623 ‘⁴
602 2584 792 2648 audas

223 2673 560 2738 Fortunam
591 2677 655 2734 et
682 2691 880 2734 mores
909 2670 1194 2752 antiquae
1227 2669 1441 2754 plebis,
1473 2676 1536 2731 et
1564 2668 1728 2732 idem

230 2758 298 2823 Si
327 2759 459 2843 quis
491 2759 570 2822 ad
601 2759 704 2821 illa
735 2757 886 2820 deus
916 2757 1114 2819 subito
1145 2763 1206 2818 te
1237 2763 1384 2837 agat
1412 2776 1605 2837 usque
1636 2775 1905 2836 recuses,

227 2847 361 2909 Aut
390 2845 534 2928 quia
562 2867 684 2908 nou
715 2844 902 2906 sentis
932 2843 1096 2928 quod
1127 2844 1353 2905 clamas
1382 2843 1608 2904 rectius
1639 2863 1795 2920 esse,
2256 2861 2325 2910 25

231 2933 360 2996 Aut
387 2932 532 3015 quia
558 2953 679 3012 non
708 2932 922 2993 firmus
953 2936 1190 2992 rectum
1221 2929 1520 3007 defendis,
1553 2937 1617 2991 et
1644 2929 1863 2994 haeres

231 3018 654 3102 Nequiequam
685 3038 872 3080 coeno
904 3019 1152 3100 cupiens
1185 3016 1445 3078 evellere
1477 3017 1762 3100 plantam.

233 3105 452 3167 Romae
484 3126 590 3170 rus
620 3111 816 3187 optaS,
847 3103 1160 3166 absentem
1189 3103 1450 3165 rusticus
1480 3104 1693 3166 urbem

234 3191 406 3254 [Pollis
438 3190 518 3253 ad
548 3196 713 3252 astra
742 3189 908 3252 levis.
1005 3187 1073 3252 Si
1101 3209 1399 3270 nusquam
1431 3211 1495 3252 es
1524 3191 1681 3253 forte
1711 3194 1963 3254 vocatus

234 3276 335 3340 Ad
362 3297 611 3340 coenam
641 3276 854 3338 laudas
885 3297 1168 3338 securum
1197 3275 1327 3337 olus
1359 3297 1454 3354 ac,
1488 3279 1657 3340 velut
1686 3297 1941 3360 usquam
2260 3295 2324 3344 30

235 3363 489 3426 Vinctus
521 3383 647 3440 eas,
677 3362 766 3424 ita
796 3368 858 3425 te
888 3363 1129 3424 felicem
1159 3360 1311 3423 dicis
1344 3383 1630 3446 amasque

238 3448 405 3522 Quod
436 3469 732 3532 nusquam
762 3449 870 3511 tibi
901 3449 979 3512 sit
1007 3447 1357 3532 potandum.
1447 3448 1492 3512 J
1496 3449 1715 3512 usserit
1744 3447 1823 3510 ad
1852 3467 1918 3509 se

238 3535 556 3598 Maecenas
587 3557 788 3598 serum
819 3536 930 3597 sub
961 3536 1188 3598 lumina
1216 3535 1411 3618 prima
1440 3537 1645 3597 venire

240 3620 593 3686 Convivam:
643 3627 661 3658 ⁴
681 3621 744 3684 N
751 3643 926 3685 emon
955 3623 1150 3684 oleum
1180 3624 1302 3684 fert
1333 3621 1546 3683 ocius?
1604 3621 1833 3703 Ecquis

239 3706 502 3772 Audit-,P
538 3729 672 3770 cum
705 3730 924 3791 magno
954 3709 1218 3771 blateras
1249 3708 1509 3768 clamore
1541 3707 1839 3790 fugisque.
2257 3721 2323 3772 35

241 3792 496 3860 Mulvius
526 3800 592 3858 et
618 3815 864 3858 scurra-e
897 3795 1005 3858 tibi
1032 3817 1154 3861 uon
1177 3793 1501 3856 referenda
1530 3793 1763 3878 precati
