2675 4409
331 222 415 288 84

1201 239 1548 285 CARMINUM

667 392 1067 477 Delectabere
1097 391 1278 454 tibiae

581 477 792 543 Mixtis
824 477 1182 540 carminibus
1233 500 1354 540 non
1383 478 1509 542 sine
1540 479 1778 557 fistula;

666 564 800 626 Illic
830 563 920 626 bis
949 563 1119 648 pueri
1150 563 1246 626 die

579 649 826 714 Numen
855 670 992 712 cum
1022 649 1243 712 teneris
1273 648 1601 731 virgimbus
1635 656 1804 716 tuum

662 734 1009 798 Laudantes
1040 735 1192 818 pede
1223 735 1477 798 candido

579 821 657 886 In
686 843 911 883 morem
946 819 1174 883 Salium
1202 827 1298 882 ter
1326 820 1601 903 quatient
1627 820 1899 886 humum.

663 906 772 970 Me
799 926 912 969 nec
955 906 1176 968 femina
1205 926 1317 968 nec
1350 927 1500 989 puer

575 990 624 1054 J
625 1012 718 1054 am
749 1011 862 1054 nec
893 1011 1030 1075 spes
1059 990 1240 1053 animi
1269 991 1517 1053 credula·
1546 990 1759 1072 mutui,

665 1076 730 1138 N
732 1097 801 1140 ec
835 1085 1067 1139 certare
1087 1077 1266 1160 juvat
1292 1097 1458 1138 mero

576 1160 714 1226 Nec
745 1161 968 1224 vincire
997 1161 1164 1224 novis
1195 1169 1465 1244 tempora
1490 1160 1753 1225 floribus.

669 1245 794 1310 Sed
821 1265 936 1313 ‘cur
981 1246 1124 1326 heu,
1149 1247 1459 1330 Ligurine,
1488 1268 1598 1310 cur

578 1329 794 1396 Manat
818 1352 962 1397 rara
989 1353 1152 1395 meas
1180 1333 1449 1396 lacruma
1478 1353 1588 1416 per
1614 1329 1855 1415 genas?

667 1417 792 1480 Cur
819 1417 1080 1480 facunda
1108 1439 1319 1500 parum
1350 1417 1567 1481 decoro

577 1499 752 1566 Inter
780 1502 964 1565 verba
993 1502 1155 1565 cadit
1181 1502 1389 1584 lingua
1416 1501 1702 1567 silentio?

663 1586 994 1649 Nocturnis
1023 1608 1136 1669 ego
1166 1587 1407 1650 somniis

573 1671 622 1735 J
623 1692 720 1734 am
747 1679 989 1755 captum
1017 1679 1215 1752 tene0‚
1235 1673 1365 1755 jam
1396 1673 1701 1737 volucrem
1729 1693 1949 1758 sequor

665 1756 754 1820 T'e
783 1779 893 1841 per
921 1757 1190 1840 gramina
1218 1757 1430 1821 Martii
1692 1803 1697 1808 -

575 1838 812 1929 Campi,
842 1849 902 1907 te
932 1865 1042 1929 per
1068 1864 1278 1928 aquas,
1309 1843 1485 1926 dure,
1512 1843 1824 1910 volubiles.

1039 2267 1496 2335 GARMEN
1552 2269 1677 2334 ΙΙ.

744 2608 1101 2672 PINDARUM
1131 2607 1398 2694 quisquis
1428 2609 1631 2674 studet
1660 2609 1971 2693 aemulari,

745 2694 904 2775 Iule,
935 2694 1153 2758 ceratis
1183 2716 1294 2780 ope
1324 2696 1634 2760 Daedalea

740 2780 977 2845 Nititur
1003 2781 1215 2866 pennis
1267 2781 1459 2846 vissreo
1490 2783 1741 2846 daturus

1088 2866 1352 2930 Nomina
1379 2876 1581 2950 ponto.

745 2949 956 3013 Monte
989 2950 1315 3014 decurrens
1346 2954 1512 3014 velut
1538 2951 1727 3014 amnis
1778 2950 2001 3016 imbres

746 3034 940 3106 Quem
969 3057 1150 3118 super
1176 3044 1349 3098 notas
1380 3039 1583 3100 aluere
1613 3036 1775 3118 ripas

743 3120 970 3184 Fervet’.
995 3121 1437 3202 immensusque
1466 3122 1589 3184 ruit
1623 3120 1923 3206 profundo

991 3239 998 3245 ·
1087 3204 1387 3268 Pindarus
1417 3228 1541 3285 ore,

744 3288 984 3352 Laurea
1009 3288 1316 3353 donandus
1348 3291 1705 3375 Apollinari,

751 3372 875 3437 Seu
904 3395 1013 3457 per
1042 3375 1300 3438 audaces
1330 3399 1485 3440 nova
1515 3377 1919 3462 dibhyrambos
1948 3403 1957 3410 ·

746 3459 957 3524 Verba
986 3459 1246 3522 devolvit
1297 3464 1677 3547 numerisque
1708 3464 1905 3526 fertur

1090 3544 1256 3628 Lege
1290 3548 1495 3611 solutis
1523 3569 1539 3625 ;

748 3629 872 3694 Seu
901 3629 1046 3694 deos
1075 3652 1325 3714 regesve
1358 3633 1521 3696 canit
1573 3633 1821 3695 deorum

750 3715 1116 3798 Sanguinem
1168 3739 1277 3802 per
1307 3740 1455 3802 quos
1487 3717 1759 3781 cecidere
1779 3717 1950 3801 justa

2336 3395 2396 3446 10
