2675 4409
294 257 423 322 168
1147 267 1519 316 sai-manum

292 427 459 491 Vina
509 424 841 489 columbino
869 423 1080 488 limum
1099 422 1254 487 beno
1279 418 1509 504 colligit
1532 443 1665 502 ovo,

293 513 604 585 Quatenus
631 511 752 575 ima
781 511 932 595 petit
961 510 1203 572 volvens
1233 509 1431 573 aliena
1467 507 1735 572 vitellus,

292 597 488 660 Tostis
520 603 886 661 marcentem
915 595 1142 677 squillis
1165 595 1465 658 recreabis
1496 599 1558 656 et
1587 594 1747 657 Afra
1992 641 2022 672 ,-

293 682 575 746 Potorem
605 682 883 746 cochlea:
926 702 1067 743 nam
1097 682 1334 744 lactuca
1363 682 1595 744 innatat
1624 680 1751 742 acri
1831 672 1881 721 »ᾗ

293 768 442 831 Post
471 768 674 830 vinum
704 788 733 831 s
857 788 892 829 a
969 787 1004 850 o
1025 787 1044 806 ·
1087 788 1277 850 perna
1303 767 1497 850 magis
1528 786 1598 828 ac
1691 763 1818 849 agis
1846 765 2004 831 hillis
2308 785 2385 837 σο·
2418 831 2423 836 ,

293 852 565 936 Flagitat
591 854 669 916 im
734 874 900 916 orsus
931 812 1100 914 ibisci
1153 853 1296 935 quin
1327 852 1523 915 omnia
1550 873 1609 913 m
1672 852 1720 913 't

295 937 1066 1026 Quaecunque'immundis
1122 944 1333 1015 ervent
1400 939 1547 1000 llata
1575 935 1832 1020 popinis.

294 1023 409 1087 Est
436 1045 653 1108 operae
684 1023 943 1108 pretium
970 1023 1224 1106 duplicis
1251 959 1607 1106 p‘e*1<'}oscere
1627 1021 1785 1106 juris

294 1109 615 1173 Naturam.
709 1107 975 1193 Simplex
1004 1128 1038 1171 e
1069 1107 1229 1171 dulci
1260 1114 1495 1175 constat
1522 1108 1699 1187 olivo,

295 1195 471 1269 Quod
501 1195 710 1280 pingui
736 1195 986 1259 miscere
1014 1214 1181 1257 mero
1207 1195 1403 1260 muria
1488 1215 1520 1257 e
1552 1193 1815 1300 deflebit,
2308 1213 2373 1263 65

294 1281 360 1343 N
361 1303 439 1344 on
465 1281 583 1344 alia
633 1301 816 1365 quam
843 1266 1290 1365 qhffiyzantia
1319 1281 1519 1364 putuit
1547 1300 1710 1364 0¹9⁸·-

217 1432 222 1441 ‚
294 1365 432 1430 Hoc
461 1367 566 1430 ubi
593 1367 904 1429 confusum
931 1366 1112 1428 sectis
1139 1365 1425 1429 inferbuit
1450 1365 1651 1429 herbis

26 1459 136 1546 w:-
151 1455 270 1546 0533&
297 1451 671 1536 Corycioque
703 1471 878 1515 croco
907 1471 1176 1534 sparsum
1207 1451 1399 1530 stetit,
1428 1450 1673 1534 insuper
1702 1448 1889 1514 addes

107 1525 171 1560 ω
272 1537 518 1692 r{ressa
546 1535 932 1600 Venafranae
961 1534 1124 1616 quod
1151 1534 1304 1598 baca
1333 1535 1562 1598 remisit
1600 1535 1813 1599 olivae.
1842 1587 1849 1592 .

79 1634 84 1643 '
139 1623 196 1686 al
228 1639 270 1669 v·
353 1621 536 1684 icenis
566 1620 791 1682 cedunt
818 1619 1005 1701 pomis
1034 1619 1306 1681 Tiburtia
1334 1639 1553 1682 succot
1828 1629 1839 1666 θ
1874 1647 1905 1676 ,ε
2308 1639 2373 1686 70

87 1715 92 1722 ’
189 1702 196 1711 ’
296 1694 460 1769 Nam
487 1705 642 1767 facie
671 1710 1000 1786 praestant.
1090 1702 1273 1767 Venu
1350 1704 1413 1766 la
1440 1701 1718 1766 convenit
1745 1701 1913 1778 ollis;

297 1789 550 1855 Rectius
579 1789 878 1852 Albanam
906 1789 1072 1853 fumo
1102 1787 1274 1850 dura⁹
1327 1789 1413 1866 ris
1441 1807 1641 1853 uvam.

297 1876 478 1940 Hanc
503 1895 617 1957 ego
647 1895 784 1938 cum
813 1873 1007 1951 maliS‚
1038 1893 1151 1955 ego
1180 1872 1413 1936 faecem
1443 1872 1667 1955 primus
1698 1877 1761 1934 et
1790 1870 1966 1952 allec,

298 1959 538 2024 Primus
567 1966 631 2022 et
657 1959 927 2021 invenior
953 1959 1125 2042 piper
1153 1958 1354 2021 album
1384 1978 1520 2021 cum
1549 1958 1674 2022 sale
1703 1957 1875 2041 nigro

300 2045 612 2108 Incretum
639 2042 804 2128 puris
835 2043 1325 2127 circumposuisse
1357 2043 1591 2106 catillis.
2309 2064 2375 2111 '75

301 2131 571 2194 Immane
603 2135 696 2192 est
723 2128 932 2192 vitium
986 2128 1130 2192 dare
1159 2129 1345 2192 millia
1372 2141 1548 2192 terna
1575 2129 1825 2194 macello

301 2216 700 2299 Angustoque
731 2235 917 2298 vagos
947 2212 1141 2298 pisces
1167 2236 1388 2298 urgere
1422 2215 1639 2278 catino.

301 2299 534 2383 Magna
559 2308 760 2364 movet
787 2301 1093 2364 stomacho
1118 2301 1382 2379 fastidia,
1410 2321 1520 2365 seu
1547 2321 1700 2384 puer
1725 2299 1924 2364 unctis

301 2384 613 2450 Tractavit
637 2386 885 2449 calicem
912 2387 1183 2449 manibus
1235 2385 1381 2449 dum
1413 2387 1578 2449 furta
1602 2386 1835 2468 ligurit,

305 2469 447 2535 Sive
479 2471 679 2554 gravis
708 2471 898 2534 veteri
928 2478 1200 2535 craterae
1228 2471 1405 2536 limus
1434 2470 1725 2535 adhaesit.
2315 2493 2378 2542 80

302 2556 542 2621 Vilibus
569 2556 634 2620 in
663 2557 878 2642 scopia,
908 2554 972 2620 in
999 2557 1252 2641 mappiS‚
1281 2557 1345 2620 in
1373 2556 1551 2620 scobe
1584 2561 1845 2641 quantus

304 2642 588 2706 Consistit
615 2641 897 2706 sumtus?
985 2641 1300 2726 Neglectis
1352 2641 1642 2725 flagitium
1670 2643 1905 2728 ingens.

303 2727 433 2792 Ten
485 2727 715 2810 lapides
745 2728 941 2790 varios
968 2728 1268 2792 lutulenta
1292 2727 1509 2791 radere
1540 2727 1740 2812 palma

306 2812 391 2875 Et
419 2812 634 2896 Tyrias
664 2813 808 2875 dare
841 2813 1066 2875 circum
1079 2812 1275 2877 inluta
1289 2803 1502 2879 toralia
1530 2820 1753 2894 vestes,

309 2896 579 2959 Oblitum
625 2903 849 2979 quanto
879 2915 1084 2958 curam
1116 2904 1496 2978 sumtumque
1525 2899 1816 2962 minorem
2314 2917 2381 2966 85

173 3025 187 3034 -
305 2981 483 3044 Haec
511 2980 775 3043 habeant
825 2985 994 3042 tanto
1022 2981 1380 3063 reprehendi
1401 2981 1624 3062 justius
1652 2983 1767 3046 illis

307 3064 477 3136 Quae
507 3064 621 3126 nisi
645 3063 926 3125 divitibus
954 3071 1260 3146 nequeant
1288 3065 1635 3145 contingere
1665 3065 1930 3130 mensis?
1986 3087 2047 3144 «Γ

304 3152 346 3183 “
371 3147 566 3209 Docte
600 3145 758 3224 Cati,
790 3167 903 3228 per
931 3147 1254 3209 amicitiam
1285 3147 1578 3230 divosque
1609 3157 1880 3233 rogatuS,
1938 3143 1947 3154 ”

305 3231 549 3294 Ducere
578 3251 673 3292 me
705 3228 975 3292 auditum
1025 3251 1242 3312 perges
1288 3253 1651 3316 quocunque
1714 3240 2035 3299 memento.

307 3316 469 3379 Nam
499 3315 768 3399 quamvis
796 3315 1043 3377 memori
1071 3315 1298 3378 referas
1326 3316 1473 3378 mihi
1499 3325 1742 3400 pectore
1775 3327 2014 3400 cuncta,
2320 3344 2381 3390 90

307 3402 373 3466 N
375 3425 451 3465 on
481 3409 681 3465 tamen
711 3401 1004 3484 interpres
1034 3401 1385 3463 tantundem
1406 3402 1657 3485 juveris.
1732 3401 1928 3468 'Adde

309 3487 565 3552 Vultum
593 3487 980 3570 habitumque
1008 3484 1280 3564 hominis,
1311 3507 1489 3570 quem
1520 3493 1588 3550 tu
1617 3487 1832 3552 vidisse
1864 3491 2079 3555 beatus

308 3574 374 3638 N
377 3597 454 3638 on
479 3573 684 3654 magni
711 3572 922 3656 pendis
975 3573 1117 3656 quia
1145 3572 1395 3656 contigit
1418 3593 1434 3648 ;
1479 3579 1543 3636 at
1569 3573 1711 3636 mihi
1742 3596 1889 3639 cura

309 3659 454 3723 Non
482 3658 796 3722 mediocris
821 3658 1000 3737 inest,
1030 3659 1224 3722 fontes
1252 3666 1322 3721 ut
1352 3659 1519 3723 adire
1548 3665 1807 3724 remotos

310 3743 519 3826 Atque
547 3745 789 3835 haurire
819 3764 1038 3828 queam
1065 3746 1224 3809 vitae
1254 3751 1579 3830 praecepta
1611 3746 1901 3812 beatae.'’
2322 3769 2385 3818 95

1996 3817 2094 3906 ‘P‘
