2675 4409
965 265 1095 312 m.
1138 265 1185 314 1.
1230 265 1364 314 su.
1409 267 1485 316 11.
2141 255 2270 322 129

174 416 287 494 Qui
316 419 583 504 patrium
612 418 831 484 mimae
862 419 1049 486 donat
1074 422 1452 506 fundumque
1482 423 1810 508 laremque,

171 508 335 571 “Nil
366 507 554 572 fuerit
581 507 731 587 mi,’'
764 507 983 591 inquit,
1015 513 1054 548 ‘⁴
1076 529 1215 572 cum
1243 509 1530 584 uxoribus
1559 533 1826 595 unquam
1856 510 2136 578 alienis.”

171 591 407 658 Verum
437 601 531 658 est
564 615 704 658 cum
732 593 949 673 mimiS,
982 601 1075 658 est
1104 615 1243 658 cum
1272 597 1715 677 meretricibus,
1743 600 1906 661 unde

168 677 359 745 Fama
388 682 612 744 malum
644 681 889 762 gravius
918 702 1101 764 quam
1129 701 1230 744 res
1259 682 1464 744 trahit.
1554 683 1661 746 Au
1691 684 1800 749 tibi
1829 684 2068 749 abunde

170 765 500 831 Personam
531 767 679 831 satis
709 773 823 842 est,
854 788 974 830 non
1004 767 1154 830 illud
1186 767 1482 852 quidquid
1511 769 1734 854 ubique
2202 791 2268 843 σο

170 851 373 916 Officit
404 851 684 916 evita-re?
771 852 1009 916 Bonam
1038 852 1376 936 deperdere
1406 854 1652 934 famam,

164 939 321 1002 Rem
354 940 545 1024 patris
575 939 886 1018 oblimare,
915 940 1139 1002 malum
1170 945 1265 1002 est
1290 939 1655 1024 ubicunque.
1748 940 1908 1016 Quid
1935 942 2099 1009 inter

165 1024 277 1088 Est
306 1028 375 1089 in
406 1034 707 1104 matrona,
736 1026 975 1104 ancilla,
1007 1046 1302 1110 peccesne
1332 1025 1586 1110 togata?

163 1111 389 1176 Villius
420 1113 483 1175 in
514 1111 745 1175 Fausta
777 1110 983 1175 Sullae
1015 1133 1227 1194 gener,
1256 1112 1372 1176 hoc
1401 1113 1580 1176 miser
1605 1135 1728 1178 uno

160 1197 430 1262 Nomine
464 1197 779 1282 deceptuS,
810 1218 1035 1282 poenas
1064 1197 1235 1261 dedit
1262 1219 1455 1282 usque
1485 1221 1790 1284 superque
2199 1221 2268 1272 65

162 1284 364 1357 Quam
394 1284 543 1348 satis
574 1292 689 1363 est,
720 1284 937 1368 pugnis
967 1304 1181 1348 caesus
1208 1284 1490 1368 ferroque
1521 1287 1770 1369 petituS‚
1802 1361 1808 1366 ,

160 1369 471 1434 Exclusus
499 1370 627 1434 fore
658 1391 798 1433 cum
826 1369 1225 1454 Longarenus
1252 1371 1412 1434 foret
1438 1371 1623 1435 intus.

160 1455 327 1521 Huic
362 1457 417 1520 si
446 1457 706 1531 mutonis
738 1456 937 1520 verbis
966 1457 1125 1520 mala
1154 1463 1324 1520 tauta
1346 1457 1606 1522 videntis

156 1541 421 1606 Diceret
450 1544 600 1606 haec
632 1545 901 1606 animus:
950 1547 991 1581 “
1010 1541 1172 1617 Quid
1201 1543 1291 1606 vis
1321 1541 1476 1606 tibi?
1522 1543 1816 1630 numquid
1843 1565 1960 1630 ego
1987 1566 2026 1610 a
2053 1551 2118 1611 te

158 1627 398 1713 Magno
430 1637 792 1713 prognatum
822 1628 1081 1712 deposco
1112 1630 1355 1692 consule
1387 1650 1654 1694 cunnum
2197 1653 2264 1705 το

49 1777 51 1782 .
160 1714 581 1799 Velatumque
613 1717 766 1779 stola
792 1735 931 1778 mea
960 1735 1098 1777 cum
1129 1715 1470 1778 conferbuit
1497 1717 1589 1780 ira
1608 1717 1635 1780 ’ἓ
1652 1717 1693 1748 ”

162 1801 323 1875 Quid
357 1799 802 1885 responderet?
890 1806 932 1837 “
949 1800 1179 1884 Magno
1206 1809 1382 1885 patre
1411 1811 1556 1866 nata
1585 1805 1787 1887 puella
1815 1803 1976 1869 est.’'

156 1889 248 1951 At
278 1897 515 1973 quanto
544 1889 792 1951 meliora
819 1895 1023 1950 monet
1050 1887 1504 1972 pugnantiaque
1534 1889 1664 1954 istis

157 1973 359 2039 Dives
389 1975 517 2058 opis
546 1983 763 2038 natura
792 1993 961 2052 suae,
992 1979 1060 2036 tu
1090 1975 1140 2036 si
1170 1973 1346 2038 modo
1376 1985 1541 2038 recte

49 2117 51 2128 ᾗ
157 2061 537 2160 Dispensare
572 2061 717 2123 velis
748 2081 817 2124 ac
848 2081 969 2122 non
1000 2061 1289 2143 fugienda
1319 2061 1596 2144 petendis
2195 2079 2262 2129 ⁷5

154 2146 536 2210 Immiscere.
626 2147 759 2210 Tuo
786 2146 933 2210 vitio
959 2167 1245 2209 rerumne
1274 2147 1532 2228 laboreS,

155 2233 267 2296 Nil
300 2234 537 2296 referre
562 2231 783 2316 putas?
874 2231 1077 2308 Quare
1108 2255 1185 2296 ne
1217 2235 1524 2316 poeniteat
1553 2242 1614 2298 te

156 2319 399 2383 Desine
430 2328 732 2382 matronas
762 2320 1075 2398 sectarier,
1106 2319 1271 2382 unde
1301 2321 1520 2383 laboris

51 2451 54 2454 -
154 2405 313 2470 Plus
345 2406 586 2469 haurire
618 2407 759 2469 mali
787 2413 881 2468 est
909 2425 1089 2490 quam
1122 2427 1197 2468 ex
1227 2427 1293 2469 re
1324 2407 1652 2490 decerpere
1682 2405 1935 2470 fructus.

156 2491 301 2555 Nec
336 2492 526 2575 magis
556 2493 695 2555 huic
726 2493 886 2556 inter
912 2493 1119 2555 niveos
1148 2491 1490 2576 viridesque
1522 2493 1753 2576 lapillos
2194 2513 2259 2562 80

163 2577 306 2660 (Sit
337 2578 482 2641 licet
509 2578 641 2654 hoc,
675 2577 986 2658 Cerinthe,
1018 2579 1225 2660 tuum)
1261 2585 1540 2642 tenerum
1572 2586 1665 2641 est
1695 2580 1892 2641 femur
1921 2585 2028 2642 aut
2055 2597 2196 2642 erus

160 2664 443 2743 Rectius,
474 2672 655 2748 atque
689 2664 870 2727 etiam
901 2664 1113 2727 melius
1144 2685 1434 2748 persaepe
1467 2671 1708 2746 togatae
1741 2671 1851 2727 est.

162 2751 353 2814 Adde
382 2751 501 2814 huc
532 2750 694 2833 quod
720 2772 983 2813 mercem
1013 2750 1141 2813 sine
1171 2749 1328 2813 fucis
1360 2756 1582 2832 gestat,
1615 2757 1826 2833 aperte

167 2835 346 2908 Quod
377 2838 588 2900 venale
619 2837 805 2904 habet
832 2836 1115 2915 ostendit,
1144 2855 1259 2899 nec
1290 2836 1342 2898 si
1372 2835 1519 2919 quid
1548 2835 1783 2899 honesti
1811 2839 1908 2899 est

166 2921 207 2982 J
210 2930 379 2986 aetat
408 2923 710 3006 habetque
742 2924 963 3006 palam,
994 2922 1235 3006 quaerit
1263 2943 1382 3005 quo
1412 2922 1611 3005 turpia
1640 2923 1819 2986 celet.
2193 2941 2260 2990 85

170 3006 439 3092 Regibus
467 3009 564 3072 hic
596 3031 721 3073 mos
752 3015 882 3072 est:
930 3008 1033 3071 ubi
1061 3028 1247 3091 equos
1276 3017 1623 3072 mercantur
1651 3017 1896 3094 opertos

170 3091 527 3178 Inspiciam,
558 3117 635 3158 ne
666 3095 719 3158 si
746 3095 933 3158 facies
961 3100 1033 3158 ut
1060 3115 1243 3176 saepe
1272 3094 1498 3157 decora

169 3176 337 3243 Molli
368 3181 523 3244 fulta
553 3181 707 3266 pede
739 3188 835 3244 est
862 3187 1193 3264 emptorem
1222 3180 1474 3244 inducat
1501 3180 1792 3262 hiantem,

170 3264 340 3337 Quod
373 3268 664 3350 pulchrae
696 3268 926 3344 cluneS,
957 3269 1141 3330 breve
1172 3267 1333 3349 quod
1365 3274 1579 3350 caput,
1612 3268 1804 3332 ardua
1833 3265 2056 3334 cervix.

165 3349 299 3414 Hoc
332 3355 418 3416 illi
449 3363 645 3417 recte:
695 3375 771 3415 ne
805 3355 1065 3436 corporis
1096 3355 1319 3435 optima
1349 3354 1580 3436 Lyncei
2193 3371 2258 3421 90

166 3437 587 3522 Contemplere
620 3440 829 3518 oculis,
861 3441 1156 3523 Hypsaea
1186 3441 1426 3503 caecior
1453 3441 1558 3502 illa

164 3523 335 3598 Quae
366 3527 527 3588 mala
559 3535 699 3589 sunt
730 3534 985 3607 spectes.
1077 3524 1131 3588 O
1164 3546 1304 3588 crus
1331 3525 1347 3590 l
1395 3548 1430 3588 o
1459 3523 1744 3589 brachia!
1834 3523 2069 3592 Verum

164 3609 463 3695 Depugis,
494 3622 734 3686 nasuta,
765 3612 936 3675 brevi
965 3613 1155 3674 latere
1189 3633 1259 3674 ac
1292 3612 1448 3694 pede
1479 3613 1658 3692 longo
1691 3618 1804 3675 est.

50 3699 59 3710 '
164 3697 483 3762 Matronae
514 3705 756 3781 praeter
784 3699 1002 3762 faciem
1028 3699 1113 3760 nil
1144 3719 1394 3761 cernere
1425 3699 1636 3779 possiS,

53 3865 55 3872 Ι
164 3782 409 3864 Cetera,
438 3784 504 3847 ni
534 3783 711 3848 Catia
740 3791 857 3868 est,
886 3785 1145 3849 demissa
1175 3791 1343 3850 veste
1374 3783 1657 3866 tegentis.
2191 3799 2258 3852 ω
