2675 4409
1110 269 1303 318 cm.
1347 269 1486 320 XVI.

512 417 657 484 'Nec
688 425 749 486 te
778 419 1165 506 Pythagorae
1194 421 1409 484 fallant
1437 437 1658 484 arcana
1686 415 1905 498 renati,

602 506 943 590 Formaque
972 508 1177 571 vincas
1206 507 1423 584 Nirea,

518 589 699 655 Eheu
757 590 1084 654 translatos
1135 593 1251 656 alio
1278 589 1572 657 maerebis
1603 607 1870 653 amores:

604 677 729 741 Ast
756 699 871 762 ego
902 677 1156 742 vicissim
1182 678 1392 741 risero.

922 1105 1392 1173 GARMEN
1449 1104 1674 1173 XVI.

338 1451 615 1518 ALTERA
634 1448 765 1534 jam
794 1449 1012 1515 teritur
1036 1449 1209 1514 bellis
1240 1447 1512 1513 civilibus
1541 1451 1732 1526 achaz,

434 1535 575 1600 Suis
604 1544 671 1600 et
695 1536 827 1620 ipsa
854 1537 1050 1600 Roma
1077 1535 1303 1600 viribus
1330 1535 1456 1598 ruit
1485 1555 1505 1598 z

344 1622 547 1698 Quam
573 1642 769 1705 neque
800 1622 1033 1685 finitimi
1060 1623 1378 1684 valuerunt
1405 1617 1660 1704 perdere
1690 1615 1884 1682 Marsi

431 1707 693 1770 Minacis
720 1713 829 1771 aut
858 1708 1120 1771 Etrusca
1148 1706 1452 1770 Porsenae
1483 1723 1719 1783 manus,

341 1793 611 1860 Aemula
636 1813 750 1856 nec
781 1793 970 1856 virtus
1002 1791 1247 1875 Capuae
1301 1811 1416 1854 nec
1451 1789 1778 1874 Spartacus
1808 1809 1950 1854 acer

433 1877 498 1942 N
501 1879 745 1961 ovisque
774 1879 956 1942 rebus
987 1877 1241 1941 infidelis
1270 1877 1582 1954 Allobrox,

345 1963 484 2030 Nec
515 1964 646 2026 fera
676 1965 955 2026 caerulea
982 1962 1210 2027 domuit
1241 1960 1567 2026 Germania
1593 1959 1751 2044 pube

433 2048 913 2132 Parentibusque
942 2048 1313 2112 abominatus
1344 2047 1674 2126 Hannibal,

346 2134 545 2218 Impia
574 2134 892 2217 perdemus
922 2134 1122 2197 devoti
1150 2132 1457 2216 sanguinis
1487 2139 1677 2212 aetas,

433 2220 725 2302 Ferisque
755 2241 961 2283 rursus
989 2220 1380 2304 occupabitur
1409 2220 1618 2282 solum.

344 2305 655 2370 Barbarus
703 2305 826 2368 heu
884 2306 1119 2368 cineres
1170 2304 1409 2368 insistet
1439 2306 1628 2367 victor
1673 2307 1736 2366 et
1763 2300 1996 2366 Urbem

434 2391 639 2474 Eques
669 2397 915 2454 sonante
948 2391 1290 2454 verberabit
1316 2391 1566 2474 ungula,

347 2476 639 2559 Quaeque
670 2485 879 2540 carent
908 2477 1104 2540 ventis
1134 2483 1199 2539 et
1227 2476 1448 2541 solibus
1477 2481 1614 2539 ossa
1643 2473 1899 2554 Quirini,

247 2627 251 2631 ,
434 2561 629 2626 Nefas
658 2561 902 2626 videre!
950 2562 1260 2646 dissipabit
1286 2563 1564 2625 insolens.

344 2647 531 2713 Forte
563 2647 707 2730 quid
738 2647 1021 2731 expediat
1049 2648 1442 2710 communiter
1493 2651 1600 2708 aut
1625 2645 1834 2708 melior
1855 2659 1997 2730 pars

433 2732 615 2796 Malis
644 2754 853 2797 carere
881 2734 1167 2815 quaeritis
1194 2733 1496 2796 laboribus
1521 2753 1536 2798 t.

347 2819 539 2883 Nulla
566 2819 645 2881 sit
671 2819 785 2883 hac
812 2819 1009 2902 potior
1038 2819 1360 2896 sententia,
1427 2818 1840 2880 Phocaeorum

434 2903 625 2969 Velut
653 2904 920 2987 profugit
949 2911 1263 2968 exsecrata
1291 2905 1503 2984 civitas

345 2988 552 3072 Agros
582 2996 761 3072 atque
815 2987 1008 3054 Lares
1051 2990 1280 3075 patrios
1330 2987 1776 3071 habitandaque
1805 2985 1948 3051 fana

433 3073 622 3157 Apris
652 3075 893 3158 reliquit
922 3081 986 3137 et
1012 3077 1330 3158 rapacibus
1360 3075 1539 3158 lupiS‚

350 3157 454 3223 Ire
483 3159 669 3242 pedes
698 3179 1053 3243 quocunque
1082 3161 1305 3239 ferent,
1338 3181 1695 3244 quocunque
1726 3181 1836 3244 per
1863 3157 2057 3224 undas

437 3243 635 3307 Notus
666 3245 901 3308 vocabit
928 3252 1036 3308 aut
1064 3251 1379 3329 protervus
1409 3246 1679 3310 Africus.

2213 251 2342 316 lm

2276 2233 2340 2286 10

2279 2661 2342 2712 15

354 3326 456 3392 Sic
486 3328 735 3413 placet?
766 3351 844 3393 an
870 3331 1081 3394 melius
1114 3331 1245 3414 quis
1277 3333 1460 3395 habet
1487 3332 1741 3395 suadere
1768 3330 1795 3393 ’ἰ
1829 3345 1920 3378 -“-
1945 3325 2233 3396 Secunda

438 3414 658 3478 Ratem
688 3436 982 3499 occupare
1014 3417 1158 3500 quid
1187 3437 1488 3480 moramur
1516 3417 1656 3480 alite
1683 3415 1710 3478 ἲ

355 3497 479 3564 Sed
499 3501 772 3583 juremus
801 3501 862 3563 in
891 3501 1079 3565 hae‘c:
1132 3501 1321 3566 Simu]
1349 3503 1482 3566 imis
1511 3523 1657 3566 saxa
1684 3499 1954 3566 renarint

438 3584 631 3648 Vadis
658 3587 881 3667 levata,
912 3608 988 3650 ne
1020 3587 1218 3652 redire
1250 3589 1327 3651 sit
1349 3589 1518 3650 nefas
1547 3609 1562 3664 3

350 3670 495 3734 Neu
527 3691 814 3735 conversa
844 3672 1081 3736 domum
1112 3674 1317 3756 pigeat
1347 3674 1492 3736 dare
1521 3675 1727 3754 lintea,
1759 3670 2001 3756 quando

437 3755 641 3820 Padus
669 3756 907 3823 Matina
936 3759 1152 3824 laverit
1182 3760 1514 3840 cacumina,
