2675 4409
356 262 439 329 56
1221 283 1569 332 ommium

692 393 1194 528 Texerffmm
1221 435 1382 518 quod
1411 436 1568 501 foret
1596 439 1887 518 omnibus,

696 517 1052 602 Quicunque
1083 521 1279 583 celsae
1309 521 1517 585 nidum
1544 523 1952 590 Acherontiae

779 601 1100 687 Saltusque
1131 605 1423 670 Bantinos
1476 615 1538 671 et
1568 631 1779 672 arvum

862 688 1098 772 Pingue
1130 697 1338 754 tenent
1366 693 1601 756 humilis
1632 695 1903 776 Forenti,

693 771 781 837 Ut
809 779 939 837 tuto
969 776 1043 838 ab
1074 777 1220 838 atris
1249 798 1495 859 corpore
1527 779 1745 862 viperis

686 857 1024 923 Dormirem
1053 868 1117 923 et
1143 863 1322 942 ursis,
1344 870 1415 925 ut
1437 885 1741 945 premerer
1768 887 1945 932 sacra

770 943 1089 1028 Lauroque
1121 947 1457 1030 collataque
1486 958 1706 1032 myrtae,

855 1028 1000 1092 Non
1027 1031 1154 1093 sine
1186 1031 1277 1094 dis
1299 1033 1596 1097 animosus
1622 1035 1840 1100 infans.

302 1153 311 1163 -
418 1169 427 1181 .
574 1145 580 1152 ·
682 1115 933 1194 Vester,
964 1113 1287 1196 Camenae,
1316 1126 1519 1181 vester
1545 1120 1608 1182 in
1638 1121 1855 1186 arduos

426 1221 436 1229 ·
683 1200 884 1266 Tollor
915 1199 1188 1280 Sabinos,
1217 1223 1325 1264 seu
1355 1204 1496 1266 mihi
1524 1205 1809 1287 frigidum
2102 1261 2115 1270 .

661 1311 669 1320 ·
765 1287 1095 1351 Praeneste
1148 1309 1258 1351 seu
1286 1288 1474 1352 Tibur
1500 1291 1779 1374 supinum
1992 1265 2205 1404 W'V

378 1453 382 1457 „
853 1371 979 1444 Seu
1005 1374 1268 1459 liquidae
1297 1376 1579 1457 placuere
1609 1377 1819 1442 Baiae.
1855 1369 2005 1436 ΕΝ
2170 1413 2177 1418 -

337 1454 406 1526 ‘x‘
680 1463 923 1530 Vestris
952 1462 1208 1550 amicum
1228 1461 1491 1524 fontibus
1520 1467 1584 1526 et
1612 1462 1811 1526 choris

675 1549 821 1614 Non
849 1571 946 1614 me
977 1542 1270 1633 Philippis
1299 1571 1475 1613 versa
1503 1548 1663 1614 acies
1691 1557 1877 1634 retro,

600 1649 746 1724 ,ἄρά
763 1635 1004 1698 Devota
1030 1656 1148 1698 non
1179 1635 1463 1699 exstinxit
1492 1637 1687 1718 arbos,

567 1723 626 1764 ἢν
846 1719 912 1782 N
913 1741 984 1784 ec
1019 1719 1225 1788 Sicula
1253 1720 1575 1787 Palinurus
1603 1724 1787 1788 unda.

675 1803 1006 1890 Utcunque
1037 1828 1271 1871 mecum
1298 1828 1406 1872 vos
1435 1809 1621 1889 eritis,
1651 1811 1845 1874 libens

673 1892 1078 1957 Insanientem
1109 1893 1314 1958 navita
1338 1893 1672 1978 Bosporum

771 1979 1039 2042 Tentabo
1092 1985 1154 2042 et
1181 1986 1427 2044 urentes
1456 2001 1671 2045 arenas

843 2063 1062 2127 Litoris
1091 2065 1330 2149 Assyrii
1353 2066 1545 2129 viator
1568 2085 1587 2142 3

673 2149 889 2215 Visam
916 2150 1240 2214 Britannos
1269 2152 1597 2234 hospitibus
1625 2153 1785 2216 feros

671 2235 758 2303 Et
786 2237 1010 2300 laetum
1041 2238 1257 2320 equino
1287 2237 1577 2318 sanguine
1610 2237 1977 2320 Concanum,

757 2321 968 2392 Visam
1001 2323 1378 2393 Dharetratos
1411 2321 1668 2387 Gelonos

835 2411 920 2474 Et
951 2399 1302 2495 Scythicum
1330 2409 1647 2472 inviolatus
1676 2428 1932 2472 amnem.

669 2496 804 2560 Vos
832 2495 1151 2560 Caesarem
1181 2497 1391 2574 altum,
1420 2493 1631 2557 militia
1660 2493 1836 2558 simul

667 2581 886 2648 Fossae
915 2582 1187 2645 cohortes
1217 2581 1449 2644 addidit
1478 2580 1730 2664 oppidis,
1772 2614 1776 2618 -

665 2723 674 2731 .
750 2666 952 2730 Finire
984 2676 1371 2751 quaerentem
1401 2667 1631 2730 labores

647 2739 670 2764 ⁹
839 2753 1039 2816 Pierio
1069 2755 1354 2817 recreatis
1386 2759 1577 2816 antro.

668 2838 799 2901 Vos
825 2839 961 2902 lene
992 2840 1299 2902 consilium
1329 2847 1392 2902 et
1420 2839 1576 2902 datis
1606 2844 1671 2901 et
1697 2837 1839 2901 dato

669 2922 962 2987 Gaudetis
1016 2925 1228 2986 almae.
1322 2923 1579 3001 Scimus,
1608 2930 1677 2984 ut
1704 2923 1913 3006 impios

750 3008 996 3071 Titanas
1025 3008 1459 3089 immanemque
1491 3014 1747 3069 turmam

836 3092 1109 3153 Fulmine
1141 3092 1449 3154 sustulerit
1477 3090 1727 3168 caduce,

668 3175 787 3249 Qui
814 3189 1037 3237 terram
1069 3175 1345 3252 inertem,
1374 3176 1478 3258 qui
1506 3195 1669 3237 mare
1700 3182 1997 3259 temperat

666 3260 1025 3339 Ventosum,
1070 3266 1134 3324 et
1184 3261 1368 3324 urbes
1415 3281 1719 3342 regnaque
1749 3263 1967 3344 tristia,

750 3344 1054 3428 Divosque
1107 3347 1508 3428 mortalesque
1542 3346 1744 3408 turbas

835 3430 1094 3514 Imperio
1123 3431 1283 3512 regit
1308 3452 1464 3493 unus
1494 3453 1704 3514 aequo.
1754 3489 1759 3503 ‚

661 3513 956 3598 Magnum
984 3516 1088 3578 illa
1119 3521 1406 3587 terrorem
1435 3517 1693 3581 intulera
1738 3517 1784 3581 J
1786 3519 1882 3582 ovi

663 3599 888 3666 Fidens
906 3602 1193 3685 juventus
1222 3602 1463 3666 horrida
1488 3603 1770 3683 brachiis,

746 3686 1111 3769 Fratresque
1146 3688 1460 3753 tendentes
1489 3711 1675 3772 opaco

792 3831 803 3840 ,
832 3771 1045 3837 Pelion
1071 3773 1419 3859 imposuisse
1453 3773 1731 3860 Olympo.

2365 636 2431 686 15

2010 2143 2101 2162 ὐ
2154 2153 2347 2170 ’‘mu-n-

2332 2771 2401 2822 40
