2675 4409
377 302 507 367 182
542 356 550 365 .
1208 313 1657 363 Emsromnuu

379 473 484 540 Sic
512 471 660 537 mihi
689 470 866 535 tarda
894 471 1090 533 fluunt
1117 469 1479 553 ingrataque
1502 475 1805 553 tempora,
1836 490 1993 554 quae
2024 490 2195 557 spem

377 560 826 642 Consiliumque
857 564 1169 620 morantur
1198 557 1421 639 agendi
1450 556 1686 619 naviter
1715 556 1780 619 id
1810 557 1973 640 quod

375 648 596 731 Aeque
630 645 997 730 pauperibus
1028 643 1296 727 prodest,
1326 643 1725 725 locupletibus
1762 663 1981 727 aeque,

373 734 594 816 Aeque
624 733 970 813 neglectum
1002 731 1203 814 pueris
1233 729 1597 811 senibusque
1628 730 1883 792 nocebit.

373 820 594 883 Restat
624 826 694 881 ut
723 818 814 881 his
845 838 959 898 ego
989 838 1084 879 me
1115 816 1242 899 ipse
1275 837 1485 897 regam
1515 816 1673 878 soler
1716 837 1792 878 ue
1824 815 2154 880 elementis,

373 906 518 968 Non
550 906 736 989 possis
767 904 940 967 oculo
970 912 1262 986 quantum
1293 902 1659 965 contendere
1674 836 2000 987 (llynceus,

373 992 518 1055 Non
551 999 755 1055 tamen
783 990 1011 1053 idcirco
1042 996 1390 1061 contemnas
1420 988 1617 1071 lippus
1658 987 1910 1071 inungi3

371 1077 509 1141 Nec
531 1078 686 1161 ’quia
713 1077 1000 1160 desperes
1029 1075 1239 1137 invicti
1268 1074 1540 1137 membra
1571 1072 1889 1157 GlyconiS,

372 1164 436 1227 N
440 1166 622 1227 odosa
653 1184 871 1247 corpus
902 1162 1054 1225 nolis
1085 1161 1405 1244 prohibere
1436 1160 1754 1243 cheragra.

371 1250 489 1314 Est
517 1250 778 1333 quadam
809 1248 1047 1332 prodire
1079 1256 1255 1311 tenus
1285 1247 1336 1310 si
1366 1268 1485 1309 non
1516 1246 1697 1309 datur
1725 1246 1907 1328 ultra.

369 1336 598 1400 Fervet
627 1336 880 1400 avaritia
908 1336 1246 1417 miseroque
1279 1334 1557 1417 cupidine
1588 1340 1824 1417 pectus,

374 1422 533 1486 Sunt
563 1423 750 1489 verba
780 1428 843 1485 et
871 1442 1052 1484 voces
1082 1421 1298 1503 quibus
1328 1420 1490 1482 hunc
1524 1419 1713 1482 lenire
1745 1419 2011 1485 dolorem

369 1509 578 1572 Possis
611 1515 675 1571 et
705 1528 985 1590 magnam
1015 1506 1207 1569 morbi
1237 1506 1540 1590 deponere
1570 1514 1823 1589 partem.

368 1594 598 1658 Laudis
628 1615 832 1657 amore
865 1601 1081 1671 tumes,
1113 1597 1256 1654 sunt
1286 1598 1457 1655 certa
1486 1592 1727 1675 piacula
1756 1612 1912 1677 quae
1945 1596 2007 1655 te

369 1680 493 1743 'ser
521 1702 672 1764 pure
703 1681 862 1743 lecto
893 1685 1177 1762 poterunt
1207 1698 1487 1741 recreare
1518 1678 1738 1741 libello.

321 1840 330 1849 .
367 1765 644 1845 Invidus,
676 1766 1026 1843 ira-cunduS‚
1056 1764 1242 1843 iners,
1273 1764 1539 1843 vinosuS,
1571 1772 1823 1843 amator,

367 1852 567 1916 Nemo
599 1853 751 1916 adeo
782 1853 947 1915 ferus
979 1859 1073 1914 est
1101 1858 1172 1914 ut
1200 1872 1320 1914 non
1350 1852 1667 1913 mitescere
1702 1850 1911 1936 possit,

371 1938 437 2001 Si
469 1940 643 2002 modo
676 1940 950 2001 culturae
985 1938 1318 2023 patientem
1349 1938 1687 2000 commodet
1715 1958 1941 2001 aurem.

367 2025 582 2089 Virtus
615 2034 707 2088 est
738 2025 950 2088 vit-ium
979 2026 1192 2105 fugere
1226 2032 1289 2087 et
1318 2024 1613 2107 sapientia
1642 2024 1835 2107 prima

369 2109 642 2175 Stultitia
673 2112 956 2175 caruisse.
1048 2110 1242 2176 Vides
1274 2132 1431 2194 quae
1462 2110 1720 2173 maxima
1750 2110 1947 2173 credis

365 2198 517 2262 Esse
548 2200 729 2277 mala,
761 2198 1044 2281 exiguum
1075 2219 1322 2261 censum
1354 2204 1710 2280 turpemque
1744 2198 2067 2283 repulsam,

365 2283 606 2357 Quanto
638 2286 870 2349 devites
901 2285 1083 2347 animi
1114 2284 1445 2368 capitisque
1476 2285 1699 2347 labore.

363 2368 634 2455 Impiger
664 2379 963 2435 extremos
994 2371 1186 2435 curris
1217 2377 1518 2433 mercator
1547 2370 1625 2433 ad
1656 2368 1864 2445 Indos,

363 2456 489 2520 Per
517 2479 683 2521 mare
715 2457 1064 2542 pauperiem
1092 2457 1356 2538 fugienS‚
1389 2478 1497 2539 per
1526 2476 1694 2533 saxa,
1726 2477 1835 2539 per
1862 2456 2068 2539 ignes:

362 2542 464 2607 Ne
496 2565 674 2609 cures
705 2566 780 2607 ea
809 2563 966 2627 quae
997 2544 1181 2605 stulte
1213 2542 1447 2605 miraris
1479 2548 1542 2604 et
1570 2549 1743 2624 optas

361 2628 644 2710 Discere,
675 2638 737 2694 et
768 2629 1003 2709 audire,
1036 2635 1099 2692 et
1127 2628 1360 2691 meliori
1390 2628 1641 2691 credere
1672 2649 1791 2690 non
1823 2625 1913 2690 vis
1938 2624 1966 2690 ’ἰ

291 2744 296 2749 ·
363 2714 512 2789 Quis
544 2717 771 2781 circum
801 2737 1001 2801 pagos.
1020 2723 1084 2780 et
1114 2716 1343 2779 circum
1374 2714 1633 2801 compita
1661 2735 1907 2798 pugnax

360 2801 594 2886 Magna
625 2803 898 2867 coronari
928 2810 1276 2866 contemnat
1308 2800 1615 2887 Olympia,
1646 2802 1745 2865 eui
1774 2822 1935 2884 speS,

361 2887 478 2951 Cui
507 2890 587 2951 sit
615 2889 885 2953 condicio
918 2889 1110 2951 dulcis
1140 2889 1270 2952 sine
1300 2890 1551 2971 pulvere
1583 2889 1816 2972 palmae
1846 2886 1872 2949 ’.Ρ

357 2973 559 3038 Vilius
590 2982 910 3058 argentum
942 2981 1034 3037 est
1064 2995 1233 3051 auro,
1266 2975 1587 3037 virtutibus
1618 2994 1853 3035 aurum.

357 3065 401 3097 “
431 3060 484 3123 O
517 3062 702 3139 cives,
735 3061 919 3138 civeS,
951 3059 1302 3142 quaerenda
1329 3060 1589 3141 pecunia
1618 3059 1875 3141 primum
1907 3065 2036 3135 est3

357 3145 572 3208 Virtus
603 3153 738 3229 post
766 3146 1106 3208 nummoS.”
1199 3146 1379 3207 Haec
1408 3144 1453 3207 J
1456 3165 1607 3209 anus
1638 3166 1907 3208 summus
1938 3147 2013 3209 ab
2044 3146 2163 3211 imo

355 3231 681 3311 Perdocet,
713 3233 863 3294 haec
894 3231 1174 3294 recinunt
1192 3232 1453 3314 juvenes
1485 3230 1713 3293 dictata
1742 3252 2065 3316 senesque,

354 3317 560 3381 Laevo
591 3318 865 3401 suspensi
895 3317 1121 3379 loculos
1151 3317 1538 3400 tabulamque
1568 3318 1815 3379 lacerto·

355 3403 471 3467 Est
501 3405 736 3467 animus
771 3404 897 3481 tibi,
929 3409 1071 3465 sunt
1100 3424 1294 3466 mores
1326 3410 1391 3465 et
1419 3404 1627 3485 lingua
1654 3404 1925 3487 fidesque
1949 3425 1966 3481 ;

358 3490 483 3554 Sed
514 3490 972 3575 quadringentis
1004 3510 1111 3553 sex
1141 3498 1376 3573 septem
1406 3491 1568 3552 milia
1601 3490 1843 3565 desunt,

353 3577 538 3641 Plebs
567 3578 706 3641 eris·
798 3578 891 3640 At
918 3577 1094 3661 pueri
1122 3577 1425 3655 ludenteS‚
1461 3582 1501 3613 ‘⁶
1526 3578 1663 3639 Rex
1693 3576 1879 3655 eriS,''
1914 3577 2106 3658 aiunt,

353 3669 395 3702 “
421 3663 488 3728 Si
517 3672 685 3728 recte
717 3663 974 3727 facies.'’
1068 3663 1190 3726 Hic
1219 3684 1429 3725 murus
1459 3668 1685 3727 aeneus
1716 3670 1868 3743 esto,

351 3748 462 3812 Nil
492 3748 758 3814 conscire
789 3750 923 3829 sibi,
951 3750 1120 3813 nulla
1148 3751 1477 3834 pallescere
1510 3750 1708 3834 culpa.

352 3832 598 3919 Roscia,
630 3836 727 3902 dic
757 3836 958 3919 sodeS,
987 3835 1198 3901 melior
1225 3838 1327 3901 lex
1356 3856 1787 3929 tin-puerorum
1816 3838 1912 3900 est

2413 1097 2483 1145 30

2400 1960 2469 2010 40
