2675 4409
145 259 281 325 140
1009 273 1381 322 sAmAmm

157 429 259 494 Sic
287 428 531 492 mutilus
561 423 851 494 miniteris
873 423 946 490 ?’'
990 427 1192 492 At-illi
1219 429 1401 492 foeda
1440 428 1689 494 cicatrix

159 515 430 580 Setosam
457 516 614 577 laevi
643 516 901 577 frontem
930 520 1282 597 turpaverat
1323 515 1463 591 oris.

158 600 528 684 Campanum
556 601 618 662 in
647 600 940 677 morbum,
969 600 1033 662 in
1061 600 1280 663 faciem
1307 602 1607 684 permulta
1623 603 1889 686 jocatuS,

155 687 468 749 Pastorem
497 687 746 750 saltaret
775 686 863 749 uti
896 684 1164 769 Cyclopa
1213 687 1503 770 rogabat:

155 771 262 835 Nil
290 772 372 848 illi
401 771 570 834 larva
599 779 706 834 aut
735 771 979 854 tragicis
1009 792 1158 855 opus
1187 794 1317 836 esse
1348 772 1675 836 cothurnis,

156 857 356 924 Multa
387 856 693 920 Cicirrhus
721 857 802 922 ad
831 857 980 920 haec
1007 880 1022 920 ε
1070 857 1351 922 donasset
1368 860 1576 942 jamne
1608 864 1882 926 catenam

156 942 254 1006 Ex
283 949 422 1006 voto
455 941 732 1021 Laribus,
762 943 1132 1025 quaerebat3
1177 945 1373 1008 scriba
1402 944 1565 1027 quod
1592 951 1777 1027 esset,

153 1023 362 1090 Nihilo
394 1028 662 1091 deterius
681 1028 952 1092 dominae
974 1029 1076 1112 jus
1107 1049 1254 1092 esse.
1297 1028 1576 1112 Rogabat

155 1111 434 1196 Denique
489 1134 598 1176 cur
626 1135 890 1197 unquam
919 1114 1195 1197 fugisset,
1225 1115 1324 1178 cui
1354 1117 1497 1180 satis
1526 1136 1649 1182 una

151 1197 361 1262 Farris
390 1199 544 1262 libra
571 1199 730 1262 foret
781 1200 992 1281 gracili
1019 1200 1106 1264 sic
1135 1207 1381 1284 tamque
1408 1201 1642 1285 pusillo.

155 1283 412 1350 Prorsus
430 1285 700 1368 jucunde
732 1304 978 1350 coenam
1021 1285 1407 1370 produximus
1435 1287 1629 1353 illamz·
1647 1327 1709 1370 Ut

156 1369 482 1434 Tendimus
510 1370 648 1434 hinc
679 1377 850 1468 recta
877 1355 1316 1452 Benevefflfiffi‚
1348 1359 1724 1437 ub'i‘sedulus
1756 1372 1981 1460 hospes

155 1455 364 1518 Paene
393 1477 624 1520 macros
653 1457 799 1520 arsit
829 1457 973 1520 dum
1004 1458 1212 1521 turdos
1241 1465 1445 1521 versat
1473 1459 1537 1522 in
1564 1459 1727 1541 igni:

154 1541 318 1604 Nam
349 1563 504 1624 vaga
530 1563 643 1625 per
672 1549 939 1606 veterem
968 1543 1195 1625 dilapso
1221 1544 1463 1608 flamma
1489 1545 1749 1610 culinam

155 1627 434 1690 Vulcano
461 1649 757 1690 summum
785 1629 1142 1711 properabat
1170 1629 1433 1693 lambere
1469 1637 1719 1694 tectum.

158 1711 454 1776 Convivas
483 1713 686 1776 avidos
717 1732 963 1776 coenam
991 1735 1314 1797 servosque
1346 1715 1625 1780 timentes

77 1859 86 1871 ,
156 1797 311 1861 Tum
339 1794 572 1882 rapere}
585 1806 766 1881 atque
795 1819 1000 1863 omnes
1027 1800 1404 1883 restinguere
1444 1803 1597 1868 velle
1628 1801 1885 1868 videres.

83 1880 100 1941 ἒ
139 1881 379 1967 ,Incipit
406 1904 482 1946 ex
519 1885 621 1947 illo
649 1891 880 1947 montes
907 1885 1136 1968 Apulia
1165 1895 1335 1950 notos

159 1966 483 2032 Ostentare
513 1970 677 2049 mihi,
709 1991 858 2053 quos
881 1978 1073 2035 torret
1104 1972 1406 2036 Atabulus
1435 1978 1499 2034 et
1526 1993 1676 2056 quos

155 2054 486 2138 Nunquam
517 2077 860 2139 erepsemus
910 2057 1025 2121 nisi
1054 2079 1162 2122 nos
1192 2059 1388 2122 vicina
1418 2057 1639 2122 Trivici

155 2139 322 2204 Villa
350 2141 701 2224 recepisset,
723 2144 1034 2208 lacrimoso
1064 2166 1182 2208 non
1209 2145 1337 2208 sine
1368 2144 1531 2208 fumo

155 2225 327 2290 Udos
357 2247 494 2290 cum
522 2227 677 2292 foliis
706 2249 901 2292 ramos
928 2237 1143 2292 urente
1175 2231 1426 2294 camino.
1458 2191 1575 2317 eff:

155 2311 279 2376 Hic
310 2333 422 2395 ego
453 2313 804 2379 mendacem
833 2315 1214 2380 stultissimus
1241 2337 1433 2398 usque
1457 2315 1719 2398 puellam

92 2456 100 2464 .
154 2398 261 2462 Ad
290 2398 549 2462 mediam
577 2408 814 2464 noctem
842 2408 1123 2484 exspecto
1148 2422 1165 2478 ;
1211 2422 1451 2464 somnus
1480 2407 1685 2466 tamen
1712 2401 1915 2468 aufert

71 3393 94 3481 l

100 3611 126 3725 i

152 2483 468 2548 Intentum
497 2487 740 2564 veneri3
785 2494 914 2549 tum
941 2486 1244 2550 immundo
1271 2486 1501 2550 somnia
1528 2486 1661 2550 visu

152 2569 220 2634 N
221 2579 531 2636 octurnam
558 2580 788 2636 vestem
814 2573 1117 2636 maculant
1145 2579 1535 2656 ventremque
1578 2573 1874 2657 supinum·

155 2655 457 2729 Quattuor
473 2658 617 2722 hinc
641 2659 908 2744 rapimur
925 2657 1141 2742 viginti
1160 2666 1223 2722 et
1251 2659 1419 2722 milia
1444 2657 1671 2739 rhediS,

152 2740 430 2806 Mansuri
462 2727 740 2828 op'pidulo
793 2745 954 2828 quod
985 2767 1162 2808 versu
1191 2740 1394 2816 dicere
1424 2767 1543 2809 non
1574 2753 1689 2827 est,

158 2826 360 2910 Signis
389 2830 676 2912 perfacile
709 2837 836 2894 est:
885 2831 1051 2894 venit
1080 2832 1363 2894 vilissima
1390 2853 1593 2894 rerum

152 2912 276 2976 Hic
308 2935 465 2996 aqua·
479 2934 499 2991 ;
518 2915 626 2977 sed
656 2916 824 2997 panis
852 2915 1029 2998 longe
1059 2917 1517 2999 pulcherrimus,
1546 2919 1709 2980 ultra

155 2998 420 3062 Callidus
441 3007 518 3092 ug:—
537 3000 724 3067 soleat
751 3001 1013 3088 humeris
1041 3010 1280 3083 portare
1305 3003 1497 3064 viator
1521 3022 1538 3078 3

153 3083 317 3146 Nam
349 3065 586 3147 Gaiiuss
599 3067 925 3167 lapidosus}
955 3071 1146 3168 aquae
1175 3109 1294 3148 non
1323 3086 1503 3149 ditior
1537 3108 1693 3152 urna

155 3169 273 3242 Qui
302 3166 465 3231 locus
496 3190 534 3231 a
560 3169 698 3232 forti
729 3170 1018 3233 Diomede
1049 3179 1143 3234 est
1172 3171 1447 3236 conditus
1478 3172 1636 3236 olim.

152 3255 205 3318 F
209 3254 632 3334 lentibusrhinc
665 3255 892 3318 Varius
925 3255 1180 3320 discedit
1209 3266 1477 3320 maestus
1509 3259 1734 3323 amicis·

151 3340 306 3402 Inde
337 3323 542 3402 Rub'o‘si
574 3341 712 3403 fessi
743 3341 1120 3423 pervenimus
1171 3350 1379 3424 utpote
1411 3345 1654 3425 longum

156 3425 486 3506 Carpentes
516 3426 633 3489 iter
663 3436 726 3490 et
754 3427 979 3490 factum
1010 3429 1347 3512 corruptius
1376 3429 1570 3492 imbri.

152 3511 406 3576 Postera
437 3519 758 3604 tempestas
788 3514 1015 3592 melior,
1047 3515 1146 3576 via
1215 3516 1342 3578 e'or
1371 3515 1449 3578 ad
1478 3537 1667 3598 usque

153 3590 300 3662 Bari
329 3598 564 3661 moenia
593 3599 805 3681 piscosi
834 3619 852 3674 ;
898 3599 1038 3662 dein
1070 3598 1169 3664 Gn
1209 3539 1294 3664 ti‘h
1321 3602 1580 3685 lymphis

152 3681 332 3747 [ratis
363 3691 670 3757 exstructa
700 3685 869 3748 dedit
894 3685 1165 3770 risusque
1186 3689 1499 3774 jocosque,

152 3767 315 3862 Dum
365 3771 602 3835 flamma
631 3771 758 3835 sine
792 3772 972 3836 thura
998 3772 1331 3858 liquescere
1375 3772 1576 3836 limine
1608 3791 1801 3852 sacre,

2172 872 2241 921 65

2166 1311 2234 1360 ⁷0
