2675 4409
317 223 444 287 216
1128 240 1575 293 Emsrommm

297 392 470 455 Cum
515 392 653 457 loca
683 394 815 479 jam
858 394 1116 461 recitata
1137 395 1497 459 revolvimus
1525 394 1887 475 irrevocati3

315 479 472 541 Cum
515 480 917 545 lamentamur
958 504 1079 545 non
1127 502 1421 567 apparere
1460 481 1693 544 labores

297 564 582 643 Nostros,
601 574 674 629 et·
693 569 859 629 tenui
889 566 1151 631 deducta
1179 572 1457 649 poemata
1484 566 1582 628 filo
1608 586 1625 641 ;
2300 586 2403 635 225

245 727 254 740 ·
312 650 470 714 Cum
513 674 828 737 speramus
872 676 946 719 eo
986 674 1121 717 rem
1135 659 1454 715 venturam
1506 658 1577 713 ut
1626 651 1803 714 simul
1830 656 2015 736 atque

313 736 598 800 Carmina
627 738 902 801 rescieris
929 759 1038 802 nos
1064 739 1294 821 fingere
1350 736 1689 800 commodus
1722 738 1879 801 ultro

313 822 706 901 Arcessas‚et
733 844 914 907 egere
943 830 1207 903 vetes‚et
1235 823 1498 886 scribere
1528 842 1728 905 cogas.

315 906 440 971 Sed
468 915 670 971 tamen
698 916 793 973 est
819 930 1038 993 operae
1065 909 1326 993 pretium
1357 928 1741 991 cognoscere,
1769 908 1979 994 quales

309 992 608 1057 Aedituos
634 994 856 1059 habeat
883 994 1024 1058 belli
1055 1001 1328 1079 spectata
1356 992 1635 1076 domique
2298 1014 2397 1066 230

309 1078 548 1159 VirtuS,
577 1079 823 1163 indigno
851 1101 972 1143 non
1000 1079 1425 1143 committenda
1451 1080 1690 1162 poe'tae.

311 1162 540 1261 Gratus
629 1165 916 1229 lexandro
943 1166 1078 1249 regi
1103 1166 1332 1247 Magno
1358 1165 1479 1227 fuit
1516 1164 1619 1227 ille

311 1244 483 1313 Cho&
628 1298 645 1331 ,
673 1250 912 1315 incultis
942 1252 1048 1337 qui
1075 1251 1345 1315 versibus
1374 1256 1439 1314 et
1464 1250 1622 1313 male
1648 1247 1809 1313 natis
2046 1285 2061 1326 ¹.
2084 1326 2105 1333 “

309 1332 573 1399 Rettulit
601 1346 908 1421 acceptos,
939 1338 1150 1421 regale
1180 1338 1493 1418 nomisma,
1524 1334 1834 1419 Philippos
1873 1342 1999 1430 NJ
2025 1367 2035 1379 =

313 1419 438 1484 Sed
468 1421 652 1484 veluti
681 1429 943 1485 tractata
971 1429 1173 1485 notam
1200 1422 1514 1505 labemque
1543 1422 1858 1486 remittunt
2288 1440 2389 1491 235

307 1505 692 1586 Atramenta,
720 1508 849 1571 fere
880 1508 1200 1592 scriptores
1227 1508 1492 1570 carmine
1527 1506 1703 1570 foedo

312 1590 643 1675 Splendida
669 1593 832 1656 facta
859 1592 1076 1657 linunt.
1165 1592 1341 1655 Idem
1369 1613 1477 1654 rex
1504 1592 1606 1655 ille
1651 1595 1868 1675 poema

310 1676 428 1749 Qui
457 1686 582 1739 tam
609 1678 926 1741 ridiculum
955 1686 1080 1741 tam
1108 1698 1248 1741 care
1278 1678 1563 1761 prodigus
1592 1677 1759 1814 0111111,
1793 1713 1800 1717 -
1913 1716 1931 1753 χ
1970 1717 1985 1732 ι

307 1761 526 1826 Edicto
556 1764 749 1825 vetuit
798 1784 876 1826 ne
907 1764 1041 1847 quis
1070 1784 1134 1827 se
1165 1770 1408 1847 praeter
1428 1763 1499 1867 ἢ,
1542 1764 1702 1827 011011
1772 1770 1778 1777 ’

307 1846 620 1930 Pingeret,
650 1856 757 1912 aut
785 1847 936 1912 alius
957 1848 1224 1933 Lysippo
1257 1835 1479 1912 1111ῒοἙο
1536 1850 1681 1912 aera
2286 1866 2387 1916 240

305 1934 504 1996 Fortis
533 1933 868 1997 Alexandri
897 1936 1128 1997 vultum
1156 1934 1514 1997 simulantia.
1606 1932 1833 2008 Quodsi

303 2018 350 2081 J
353 2019 616 2081 udicium
644 2019 860 2082 subtile
891 2020 1164 2083 videndis
1193 2021 1422 2084 artibus
1450 2019 1600 2083 illud

304 2103 408 2165 Ab
436 2104 616 2167 libros
646 2111 710 2167 et
738 2104 815 2168 ad
844 2105 996 2169 haec
1025 2106 1341 2170 Musarum
1370 2106 1529 2169 dona
1552 2124 1823 2185 vocarcS,

303 2186 600 2252 Boeotum
626 2190 690 2253 in
720 2210 920 2255 crasso
937 2192 1180 2276 jurares
1209 2194 1351 2255 acre
1379 2198 1607 2255 natum.

303 2274 397 2337 At
423 2296 622 2359 neque
653 2276 1019 2341 dedecorant
1047 2284 1154 2341 tua
1183 2277 1259 2341 de
1290 2300 1357 2342 se
1376 2276 1609 2362 judicia
1636 2281 1819 2359 atque
2284 2296 2382 2345 245

304 2358 588 2437 Munera,
617 2383 774 2445 quae
804 2364 994 2427 multa
1022 2363 1218 2427 dantis
1248 2384 1385 2427 cum
1414 2362 1593 2427 laude
1623 2362 1893 2427 tulerunt

304 2445 528 2509 Dilecti
558 2448 666 2509 tibi
693 2448 986 2531 Virgilius
1013 2448 1359 2531 Variusque
1387 2449 1601 2530 poetae
1626 2466 1645 2523 3

304 2530 369 2594 N
373 2552 442 2594 ec
472 2532 662 2615 magis
691 2534 956 2617 expressi
985 2535 1188 2598 vultus
1215 2555 1323 2617 per
1370 2536 1566 2609 alinea
1609 2531 1804 2614 signa,

306 2615 503 2689 Quam
531 2640 642 2701 per
668 2620 823 2683 vatis
852 2641 1000 2704 opus
1028 2641 1226 2683 mores
1257 2619 1557 2702 animique
1584 2617 1847 2681 virorum

307 2701 620 2766 Clarorum
648 2712 961 2789 apparent.
1051 2705 1187 2769 Nec
1217 2725 1520 2769 sermones
1549 2724 1663 2786 ego
1689 2702 1929 2767 mallem
2284 2722 2381 2773 250

303 2787 611 2872 Repentes
645 2811 753 2873 per
780 2791 1026 2855 humum
1079 2812 1260 2875 quam
1290 2812 1389 2854 res
1418 2809 1770 2874 componere
1800 2793 2057 2881 gestas„
2146 2858 2159 2877 ⁴

304 2872 746 2957 Terrarumque
775 2876 925 2940 situs
958 2883 1020 2940 et
1046 2876 1292 2939 flumina
1319 2876 1619 2957 dicere,et
1644 2893 1815 2938 arces
1924 2886 1931 2895 '
2046 2887 2055 2904 ”

302 2957 610 3022 Montibus
638 2960 1035 3043 impositas.et
1061 2961 1318 3025 barbara
1351 2980 1561 3043 regna,
1590 2959 1829 3043 tuisque

302 3044 608 3127 Auspiciis
638 3051 828 3108 totum
857 3046 1132 3110 confecta
1158 3044 1360 3108 duella
1386 3066 1497 3127 per
1524 3044 1752 3123 orbem,

305 3128 702 3211 Claustraque
734 3129 1040 3193 custodem
1068 3131 1234 3214 pacis
1263 3128 1599 3193 cohibentia
1624 3128 1669 3192 J
1672 3148 1874 3207 anum,
2284 3147 2381 3195 255

304 3213 387 3276 Ε1
415 3214 789 3278 formidatam
818 3215 1060 3279 Parthis
1091 3223 1150 3278 te
1182 3215 1451 3299 principe
1482 3215 1759 3293 Romam,

307 3296 374 3361 Si
430 3307 721 3381 quantum
749 3321 1031 3385 cuperem
1082 3322 1318 3385 possem
1347 3321 1584 3384 quoque
1611 3320 1629 3377 ;
1674 3299 1783 3363 sed
1810 3318 2009 3383 neque
2044 3318 2297 3383 parvum

305 3386 566 3447 Carmen
594 3388 875 3470 majestas
904 3386 1118 3471 recipit
1146 3393 1254 3451 tua
1301 3407 1415 3450 nec
1447 3407 1617 3450 meus
1646 3385 1833 3449 audet

303 3471 460 3532 Rem
494 3478 725 3534 tentare
758 3473 952 3556 pudor
1003 3495 1184 3557 quam
1215 3472 1373 3536 vires
1400 3473 1561 3536 ferre
1591 3476 1893 3535 recusent.

309 3555 609 3619 Sedulitas
641 3564 844 3623 autem
895 3559 1076 3623 stulte
1109 3578 1289 3643 quem
1327 3558 1526 3641 diligit
1576 3562 1778 3639 urget,
2290 3570 2385 3620 260

305 3640 638 3725 Praecipue
677 3665 816 3708 cum
861 3664 928 3707 se
971 3644 1239 3707 numeris
1273 3643 1651 3707 commendat
1680 3648 1743 3704 et
1780 3645 1957 3705 astet

303 3726 500 3791 Discit
527 3728 684 3791 enim
715 3727 890 3793 citius
918 3730 1302 3813 meminitque
1331 3729 1612 3791 libentius
1640 3724 1790 3789 illud
