2675 4409
23 1925 50 2014 .³

1050 305 1177 352 Lm.
1224 303 1300 352 11.
1349 302 1487 353 su.
1535 303 1639 352 111.
2249 288 2377 356 163

269 461 416 528 Rex
442 482 598 526 sum.
689 459 800 525 Nil
827 460 991 524 ultra
1019 481 1244 545 quaero
1274 459 1570 545 plebeius.
1662 459 1749 524 Et
1776 481 2034 545 aequam

271 549 434 613 Rem
461 549 783 634 imperit03
828 568 900 612 ac
931 547 984 610 si
1013 548 1112 610 cui
1141 547 1354 611 videor
1381 569 1503 611 non
1522 549 1749 631 justus,
1779 547 1971 612 inulto

267 634 502 700 Dicere
533 635 697 719 quod
727 634 914 698 sentit
941 634 1248 718 permitto.
1337 633 1606 698 Maxime
1640 656 1878 717 regum,
2286 655 2380 706 190

267 721 355 786 Di
387 722 500 786 tibi
530 722 679 785 dent
707 730 887 805 capta
915 720 1168 784 classem
1200 719 1504 784 deducere
1535 718 1753 804 Trojal

269 807 446 892 Ergo
477 809 792 878 consulere
825 815 890 870 et
918 829 1055 869 mox
1085 807 1453 891 respondere
1482 805 1742 870 licebit?

270 895 564 959 Consule.
657 894 785 959 Cur
813 894 1002 978 Ajax‚
1032 894 1208 957 heros
1239 894 1314 956 ab
1347 893 1589 958 Achille
1620 891 1947 974 secundm,

267 981 556 1046 Putescit
584 981 762 1045 toties
791 980 1048 1044 servatis
1077 980 1280 1043 clarus
1310 980 1588 1059 Achivis,

269 1066 568 1132 Gaudeat
595 1076 665 1132 ut
693 1067 949 1152 populus
981 1066 1207 1130 Priami
1239 1065 1640 1150 Priamusque
1669 1065 2003 1148 inhumato,
2288 1087 2380 1135 195

268 1154 405 1219 Per
435 1175 618 1238 quem
647 1161 738 1218 tot
758 1155 1019 1239 juvenes
1049 1154 1248 1236 patrio
1275 1173 1531 1216 caruere
1560 1151 1881 1238 sepulcro?

267 1239 452 1304 Mille
483 1241 682 1304 ovium
711 1241 958 1306 insanus
987 1240 1164 1303 morti
1193 1239 1385 1319 dedit,
1416 1239 1688 1302 inclitum
1722 1238 1950 1303 Ulixen

269 1326 362 1391 Et
393 1325 742 1392 Menelaum
771 1348 897 1390 una
926 1347 1164 1390 mecum
1191 1347 1258 1390 se
1287 1325 1566 1390 occidere
1598 1327 1881 1389 clamans.
1962 1362 1969 1366 ·

271 1413 374 1478 Tu
405 1434 543 1477 cum
572 1435 682 1498 pro
711 1413 901 1477 vitula
928 1413 1144 1477 statuis
1173 1413 1416 1476 dulcem
1445 1411 1671 1476 Aulide
1703 1420 1907 1476 natam

270 1499 450 1565 Ante
482 1521 618 1564 aras
647 1501 1004 1585 spargisque
1032 1501 1194 1564 mola
1221 1507 1428 1584 caput,
1458 1500 1751 1584 improbe,
1784 1500 1965 1576 salsa,
2284 1517 2381 1568 200

273 1586 546 1651 Rectum
578 1586 760 1658 animi
787 1584 1044 1650 servas?
1135 1585 1484 1662 Quorsum?
1560 1586 1819 1650 Insanus
1850 1585 1997 1670 quid
2026 1584 2186 1650 enim
2212 1583 2383 1671 Ajax

273 1673 460 1738 Fecit
489 1695 626 1737 cum
657 1674 873 1738 stravit
900 1674 1063 1737 ferro
1091 1672 1328 1758 pecus?
1417 1673 1735 1737 Abstinuit
1763 1673 1885 1737 vim

274 1759 496 1824 Uxore
525 1767 590 1824 et
619 1767 804 1844 gnato
831 1781 847 1837 ;
893 1760 1052 1823 mala
1079 1761 1272 1823 multa
1298 1766 1585 1844 precatus
1615 1759 1875 1839 Atridis,

275 1845 346 1911 N
347 1869 428 1910 on
455 1844 560 1913 ille
591 1854 699 1910 aut
727 1847 1030 1912 Teucrum
1060 1859 1168 1910 aut
1193 1847 1393 1931 ipsum
1424 1846 1669 1910 violavit
1700 1844 1949 1910 Ulixen.

258 1933 522 1998 -Verum
553 1955 688 2016 ego,
718 1940 790 1996 ut
817 1934 1142 1996 haerentes
1172 1933 1427 1997 adverso
1462 1934 1636 1996 litore
1667 1953 1854 1998 naves
2285 1951 2383 2002 205

277 2019 626 2104 Eriperem,
657 2019 922 2104 prudens
953 2018 1186 2104 placavi
1215 2020 1510 2103 sanguine
1541 2019 1731 2082 divos.

277 2105 526 2191 Nempe
558 2113 685 2186 tuo,
714 2107 958 2172 furiose.
1033 2105 1204 2186 Men,
1233 2106 1344 2171 sed
1374 2127 1495 2170 non
1522 2106 1806 2172 furiosus.

281 2191 410 2267 Qui
438 2193 671 2278 species
701 2193 851 2258 alias
881 2191 1041 2258 veris
1070 2193 1437 2278 scelerisque
1474 2194 1739 2256 tumultu

277 2279 626 2346 Permixtas
657 2280 859 2365 capiet
888 2288 1220 2346 commotus
1247 2280 1590 2360 habebitur,
1622 2287 1806 2365 atque

281 2366 640 2432 Stultitiane
671 2374 838 2430 erret
865 2366 1115 2430 nihilum
1146 2367 1396 2430 distabit
1425 2387 1504 2430 an
1532 2367 1645 2430 ira.
2288 2384 2387 2435 21⁰

277 2453 450 2538 Ajax
478 2451 805 2518 immeritos
833 2475 972 2516 cum
999 2453 1224 2518 occidit
1253 2453 1475 2536 desipit
1503 2473 1731 2536 agnos:

281 2537 444 2604 Cum
471 2539 739 2624 prudens
769 2540 964 2609 scelus
995 2540 1071 2604 ob
1101 2540 1307 2604 titulos
1337 2539 1605 2604 admittis
1632 2540 1867 2616 inanes,

285 2623 432 2690 Stas
464 2625 661 2692 animo
691 2633 756 2689 et
783 2644 1004 2710 purum
1032 2633 1128 2689 est
1155 2627 1300 2690 vitio
1329 2626 1461 2701 tibi,
1494 2647 1633 2690 cum
1662 2624 1959 2688 tumidum
1988 2627 2103 2702 est,
2134 2620 2287 2686 cor?

285 2711 357 2777 Si
388 2710 524 2797 quis
553 2711 776 2777 lectica
804 2712 1056 2776 nitidam
1085 2720 1327 2796 gestare
1359 2721 1525 2776 amet
1553 2731 1795 2796 agnam,

281 2798 454 2863 Huic
486 2807 742 2876 vestem,
771 2806 843 2861 ut
871 2807 1116 2882 gnatae,
1147 2806 1324 2883 paret
1352 2799 1623 2878 ancillas,
1654 2803 1831 2882 paret
1860 2817 2096 2877 aurum,
2290 2815 2389 2865 215

281 2885 516 2950 Rufam
546 2893 654 2948 aut
685 2885 976 2948 Pusillam
1005 2888 1272 2970 appellet
1302 2886 1565 2971 fortique
1597 2884 1812 2951 marito

283 2971 576 3036 Destinet
604 2993 897 3050 uxorem;
939 2972 1265 3037 interdicto
1294 2973 1437 3038 huic
1468 2993 1642 3036 omne
1676 2971 1904 3035 adimat
1922 2971 2028 3057 jus

286 3057 550 3121 Praetor
580 3066 644 3122 et
671 3059 751 3121 ad
779 3079 955 3122 sanos
987 3060 1167 3124 abeat
1197 3060 1391 3122 tutela
1422 3059 1801 3144 propinquos·

286 3143 504 3218 Quid?
548 3145 600 3209 si
631 3145 768 3229 quis
797 3153 1044 3228 gnatam
1075 3167 1184 3230 pro
1212 3153 1385 3208 muta
1414 3145 1673 3210 devovet
1702 3167 1862 3228 agna

285 3235 545 3314 Integer
577 3240 671 3295 est
699 3230 930 3295 animi?
1019 3232 1120 3295 Ne
1153 3232 1393 3295 dixeris
1485 3233 1651 3315 Ergo
1680 3233 1783 3296 ubi
1814 3253 2003 3318 prava
2295 3253 2392 3301 220

289 3319 570 3386 Stultitia
597 3319 694 3381 hic
725 3339 960 3382 summa
990 3326 1086 3382 est
1111 3318 1379 3394 insania;
1427 3318 1532 3403 qui
1561 3319 1917 3401 sceleratuS‚

287 3407 378 3472 Et
404 3405 668 3468 furiosus
699 3404 848 3481 erit3
895 3427 1075 3489 quem
1106 3406 1270 3489 cepit
1301 3407 1497 3469 vitrea
1524 3407 1708 3486 fama,

285 3497 472 3556 Hunc
507 3491 934 3554 circumtonuit
963 3492 1236 3575 gaudens
1267 3492 1525 3556 Bellona
1557 3491 1840 3554 cruentis.

282 3576 476 3642 Nunc
507 3599 622 3660 age
653 3578 953 3641 luxuriam
985 3590 1048 3642 et
1078 3577 1530 3642 Nomentanum
1561 3578 1759 3660 arripe
1790 3597 2063 3642 mecum:

283 3665 520 3728 Vincet
551 3665 714 3727 enim
742 3666 958 3729 stultos
987 3666 1141 3729 ratio
1169 3666 1435 3728 insanire
1466 3672 1739 3746 nepotes.
2297 3681 2395 3731 225

282 3750 412 3815 Hic
443 3750 622 3814 simul
651 3752 891 3835 accepit
919 3752 1238 3836 patrimoni
1265 3753 1426 3814 mille
1458 3750 1712 3832 talenta,

283 3835 501 3905 Edicit
527 3837 794 3925 piscator
822 3839 936 3922 uti,
964 3839 1290 3924 pomarius,
1319 3856 1570 3923 auceps.
