2675 4409
983 286 1113 333 Lm.
1159 285 1237 333 11.
1285 285 1484 333 oARM.
1532 286 1611 332 11.

661 440 748 505 Et
776 446 998 504 cuncta
1024 446 1324 504 terrarum
1354 440 1605 507 subacta

751 526 1012 590 Praeter
1040 534 1306 590 atrocem
1336 527 1600 589 animum
1631 524 1898 592 Catonis.

541 638 544 643 ·
575 612 623 677 J
623 634 741 676 uno
794 619 858 675 et
886 612 1136 675 deorum
1165 611 1435 695 quisquis
1464 611 1712 676 amicior

572 698 744 764 Afris
771 695 967 761 inulta
995 705 1262 761 cesserat
1288 697 1586 781 impotens

663 784 906 847 Tellure
959 782 1252 847 victorum
1273 790 1527 866 nepotes

740 867 1009 932 Rettulit
1035 868 1280 932 inferias
1308 868 1355 931 J
1358 868 1679 951 ugurthae.

576 952 727 1026 Quis
753 976 874 1017 non
902 953 1119 1017 Latino
1149 953 1442 1037 sanguine
1470 954 1752 1039 pinguior
1846 964 1857 977 ‘

579 1038 839 1122 Campus
867 1039 1160 1124 sepulcris
1189 1039 1373 1123 impia
1400 1040 1629 1125 proelia

660 1124 946 1189 Testatur
997 1124 1391 1209 auditumwe
1421 1125 1625 1190 Medis

743 1210 1081 1294 Hesperiae
1109 1210 1371 1274 sonitum
1400 1210 1659 1275 ruinae?

576 1292 694 1366 Qui
723 1317 969 1379 gurgeS‚
998 1302 1104 1359 aut
1133 1317 1290 1379 quae
1319 1296 1566 1359 flumina
1593 1296 1867 1379 lugubris

573 1378 801 1463 Ignara
825 1380 1019 1444 belli?
1065 1381 1228 1466 quod
1257 1402 1425 1444 mare
1455 1381 1733 1447 Dauniae

655 1466 800 1530 Non
832 1467 1252 1531 decoloravere
1283 1465 1557 1530 caedes?
1820 1538 1835 1549 ,

738 1550 910 1626 Quae
942 1559 1114 1615 caret
1146 1573 1251 1615 ora
1280 1572 1493 1615 cruore
1523 1529 1781 1617 nostro'i

572 1632 697 1699 Sed
724 1659 802 1701 ne
855 1637 1102 1716 relictis,
1132 1637 1315 1701 Musa
1344 1657 1591 1722 procax,
1612 1637 1793 1723 jocis,

580 1719 741 1786 Ceae
772 1730 1064 1787 retractes
1092 1744 1344 1786 munera
1408 1724 1623 1787 neniae
1648 1745 1665 1788 τ

521 1875 530 1883 ‚
652 1806 905 1872 Mecum
932 1809 1206 1872 Dionaeo
1233 1809 1346 1872 sub
1376 1816 1550 1873 antro

742 1892 984 1969 Quaere
1015 1893 1222 1959 modos
1249 1894 1473 1959 leviore
1503 1895 1756 1981 plectro.

929 2318 1407 2386 GARMEN
1465 2318 1595 2386 ΙΙ.

559 2659 827 2725 Nouus
851 2668 1102 2745 argento
1131 2662 1296 2726 color
1326 2668 1423 2727 est
1449 2662 1650 2726 avaris

557 2746 792 2811 Abdito
820 2748 1021 2828 terriS‚
1050 2748 1288 2812 inimice
1317 2750 1556 2812 lamnae

562 2831 775 2917 Crispe
809 2831 1084 2914 Sallusti,
1114 2834 1228 2897 nisi
1257 2840 1594 2918 temperato

904 2918 1238 3002 Splendeat
1266 2942 1405 2984 usu.

559 3000 751 3067 ‘Vivet
779 3010 1024 3068 extento
1052 3004 1409 3069 Proculeius
1438 3025 1589 3069 aevo

558 3087 761 3153 Notus
789 3090 853 3152 in
881 3091 1102 3155 fratres
1131 3092 1313 3155 animi
1342 3090 1579 3175 paterni
1606 3108 1625 3167 ;

565 3173 749 3239 Illum
780 3182 924 3260 aget
950 3198 1152 3260 penna
1177 3183 1487 3241 metuente
1516 3174 1667 3240 solvi

899 3262 1094 3327 Fama
1121 3270 1449 3347 superstes.

555 3344 768 3410 Latius
794 3368 1017 3431 regnes
1047 3349 1289 3412 avidum
1320 3345 1617 3411 domando

560 3430 874 3517 Spiritum,
905 3455 1090 3517 quam
1117 3434 1171 3498 si
1204 3434 1463 3518 Libyam
1492 3429 1737 3495 remotis

557 3517 830 3584 Gadibus
850 3520 1079 3603 jungas
1131 3528 1197 3584 et
1222 3526 1483 3603 uterque
1515 3517 1759 3581 Poenus

903 3604 1146 3670 Serviat
1172 3606 1300 3668 uni.

558 3687 796 3753 Crescit
822 3691 1146 3775 indulgens
1175 3691 1289 3755 sibi
1318 3690 1487 3755 dirus
1514 3687 1806 3773 hydrops,

552 3773 618 3838 N
621 3796 691 3839 ec
724 3776 885 3841 sitim
913 3778 1084 3863 pellit
1133 3777 1251 3842 nisi
1277 3797 1464 3843 causa
1490 3774 1681 3839 morbi
1742 3818 1745 3822 -

2256 272 2339 337 33

2246 1917 2313 1966 40

2243 3444 2307 3496 1⁰
