2675 4409
1087 234 1282 314 oAsM.
1326 267 1417 314 VI.

542 419 806 485 'Venena
833 441 1118 504 magnum
1146 422 1238 484 fas
1266 422 1555 504 nefasque
1585 444 1705 486 non
1733 422 1939 486 valent

636 507 1003 569 Convertere
1034 507 1353 569 humanam
1383 507 1609 586 vicem3

544 591 711 656 Diris
741 613 917 674 agam
950 613 1095 668 vos;
1127 592 1260 663 dira
1290 592 1609 660 detestatio

630 677 820 740 Nulla
850 677 1126 760 expiatur
1155 678 1416 741 victima.

545 759 708 835 Quin
761 763 863 825 ubi
893 764 1089 847 perire
1109 763 1314 846 jussus
1346 761 1732 847 exspiravere

630 848 984 911 Nocturnus
1013 869 1322 910 occurram
1353 849 1550 912 Furor

545 931 882 1016 Petamque
914 935 1113 999 vultus
1144 935 1357 996 umbra
1384 934 1585 997 curvis
1612 933 1934 1016 unguibus,

633 1017 804 1091 Quae
836 1019 924 1080 vis
953 1018 1200 1082 deorum
1233 1027 1326 1082 est
1352 1018 1644 1099 manium,

543 1101 631 1167 Et
658 1103 940 1186 inquietis
969 1103 1238 1167 assidens
1268 1105 1631 1186 praecordiis

630 1188 866 1252 Pavore
897 1209 1130 1252 somnos
1159 1190 1451 1254 auferam.

545 1273 675 1339 Vos
703 1275 882 1338 turba
911 1274 1150 1338 vicatim
1179 1275 1317 1338 hinc
1350 1283 1413 1338 et
1440 1274 1579 1338 hine
1608 1274 1768 1338 saxis
1796 1279 2009 1359 petens

633 1359 982 1423 contundet
1007 1361 1336 1424 obscoenas
1366 1380 1519 1423 anus
1542 1378 1561 1437 ;
1738 1401 1745 1408 ·

545 1444 696 1509 Post
723 1445 1026 1528 insepulta
1053 1446 1322 1509 membra
1351 1445 1629 1508 different
1655 1443 1785 1529 lupi

629 1531 714 1593 Et
742 1529 1091 1613 Esquilinae
1121 1531 1332 1594 alites·
1315 1577 1334 1609 ,

543 1613 764 1698 Neque
793 1616 906 1680 hoc
937 1625 1217 1700 parentes
1269 1616 1391 1680 heu
1418 1614 1563 1686 mihi
1590 1612 1943 1700 superstites

626 1701 926 1785 Effugerit
954 1703 1385 1787 spectaculum.

900 2128 1360 2195 GARMEN
1416 2129 1574 2196 VI.

542 2300 712 2377 Qun>
741 2302 1124 2370 immerentes
1150 2301 1415 2384 hospites
1442 2321 1626 2366 vexas
1679 2300 1846 2368 canis

622 2389 893 2471 Ignavus
923 2388 1239 2454 adversum
1268 2386 1493 2470 lupos?

539 2472 701 2549 Quin
729 2474 847 2540 huc
878 2473 1110 2552 inanes,
1138 2473 1190 2536 si
1219 2480 1412 2556 potes,
1439 2473 1623 2536 vertis
1651 2472 1843 2538 minas

624 2560 711 2622 Et
737 2580 834 2622 me
864 2580 1266 2623 remorsurum
1294 2556 1499 2642 petis?

543 2642 708 2707 Nam
738 2644 930 2727 qualis
961 2652 1068 2707 aut
1096 2643 1394 2707 Molossus
1424 2651 1531 2707 aut
1556 2644 1756 2706 fulvus
1785 2639 2011 2727 Lacon,

626 2730 848 2793 Amica
870 2730 958 2792 vis
987 2729 1344 2813 pastoribuS,
1404 2745 1407 2748 ’

536 2814 745 2898 Agam
774 2836 884 2898 per
913 2816 1066 2878 altas
1095 2835 1240 2878 aure
1267 2815 1505 2877 sublata
1532 2811 1701 2876 nives

627 2899 1038 2983 Quaecunque
1069 2900 1396 2984 praecedet
1424 2900 1589 2962 fera:

540 2985 656 3062 Tu,
719 3007 857 3050 eum
901 2986 1168 3050 timenda
1197 3006 1343 3050 voce
1374 2983 1684 3069 complesti
1712 3003 1925 3048 nemus

625 3070 971 3155 Projectum
1000 3072 1266 3135 odoraris
1300 3071 1518 3133 cibum.

540 3154 730 3235 Cave,
761 3177 943 3220 cave:
992 3179 1249 3240 namque
1280 3156 1344 3218 in
1370 3155 1561 3220 malos'
1588 3153 1949 3240 asperrimus

633 3242 862 3306 Parata
889 3244 1028 3306 tollo
1059 3263 1305 3319 cornua,

544 3326 751 3402 Qualis
779 3327 1120 3412 Lycambae
1149 3334 1391 3410 spretus
1418 3325 1601 3393 infido
1631 3347 1822 3410 gener

625 3414 762 3476 Aut
789 3434 932 3476 acer
959 3414 1148 3478 hostis
1179 3413 1435 3496 Bupalo·

541 3498 649 3562 An
701 3499 753 3561 si
779 3499 915 3581 quis
943 3506 1078 3562 atro
1107 3499 1288 3562 dente
1310 3519 1407 3562 me
1438 3495 1719 3581 petiverit

622 3583 864 3648 lnultus
893 3591 962 3646 ut
987 3585 1142 3650 flebo
1171 3581 1370 3668 puer?

2162 250 2286 316 111

2218 1126 2282 1174 95

2188 1551 2280 1601 100

2219 3089 2279 3138 10

2222 3511 2279 3560 15
