2675 4409
310 239 438 308 224
1113 251 1237 315 Ans
1273 239 1575 300 rofinca.

308 411 588 496 Denique
615 407 695 476 sit
723 407 960 494 quidvis
1011 406 1263 493 simplex
1291 405 1587 470 duntaxat
1614 409 1679 469 et
1702 427 1910 472 unum.

309 497 580 560 Maxima
607 517 748 580 pars
776 502 1004 574 vatum,
1033 501 1208 577 pater
1236 500 1298 556 et
1316 492 1575 576 juvenes
1604 499 1777 576 patre
1808 489 1999 576 digni,

311 581 671 667 Decipimur
697 581 898 666 specie
927 579 1101 643 recti.
1190 578 1411 641 Brevis
1440 600 1573 642 esse
1600 578 1827 658 labom,

315 667 622 730 Obscurus
650 668 771 744 fio;
815 671 1148 730 sectantem
1174 664 1334 727 levia
1362 663 1536 728 nervi

311 753 620 816 Deficiunt
648 752 944 835 animique
972 771 989 827 ;
1034 750 1338 834 professus
1368 748 1623 832 grandia
1656 755 1900 834 turget3

316 837 520 922 Serpit
547 837 710 900 humi
739 844 905 900 tutus
931 834 1176 900 nimium
1205 834 1569 918 timidusque
1598 833 1937 918 procellam

314 922 432 996 Qui
461 923 692 987 variare
723 923 891 1006 cupit
917 943 1045 986 rem
1078 920 1490 1006 prodigialiter
1516 940 1722 1000 unam,

311 1008 676 1092 Delphinum
703 1008 866 1072 silvis
895 1006 1186 1090 appingit,
1214 1005 1493 1069 fluctibus
1522 1025 1751 1089 aprum.

310 1093 389 1156 In
416 1093 626 1158 vitium
656 1092 824 1158 ducit
852 1093 1064 1176 culpae
1091 1092 1242 1175 fuga
1291 1090 1344 1154 si
1373 1097 1541 1155 caret
1569 1096 1722 1167 arte,

308 1177 636 1242 Aemilium
665 1178 826 1242 circa
851 1177 1059 1241 ludum
1086 1177 1258 1241 faber
1285 1197 1442 1240 unus
1471 1183 1536 1241 et
1560 1194 1801 1260 ungues

320 1263 627 1347 Exprimet
654 1270 718 1328 et
743 1264 950 1328 molles
976 1262 1306 1327 imitabitur
1333 1283 1475 1328 aere
1511 1262 1780 1346 capillos,

311 1347 532 1413 Infelix
558 1349 757 1434 operis
783 1369 1014 1414 summa
1064 1349 1208 1432 quia
1235 1370 1457 1432 ponere
1488 1355 1679 1412 totum

311 1433 585 1499 Nesciet.
629 1433 814 1499 Hunc
844 1456 958 1518 ego
980 1455 1102 1511 me,
1131 1434 1183 1498 si
1211 1433 1359 1518 quid
1386 1454 1741 1518 componere
1770 1452 2001 1515 curem,

311 1519 455 1584 Non
483 1519 674 1602 magis
703 1539 835 1583 esse
867 1519 1046 1584 velim
1098 1539 1280 1602 quam
1306 1539 1453 1582 naso
1481 1519 1684 1582 vivere
1714 1539 1923 1604 pravo,

317 1603 726 1688 Spectandum
752 1603 941 1687 nigris
969 1604 1156 1668 oculis
1179 1603 1472 1686 nigroque
1503 1604 1737 1687 capillo.

317 1687 548 1752 Sumite
573 1689 887 1756 materiam
915 1688 1152 1770 vestris,
1182 1689 1288 1772 qui
1313 1688 1572 1752 scribitis
1624 1709 1880 1772 aequam

311 1773 561 1838 Viribus
612 1780 676 1838 et
702 1782 937 1838 versate
969 1773 1073 1837 diu
1127 1773 1273 1858 quid
1299 1774 1461 1839 ferre
1490 1779 1794 1855 recusent,

315 1858 475 1932 Quid
505 1860 746 1923 valeant
770 1859 1023 1924 humeri.
1114 1859 1230 1924 Cui
1256 1859 1417 1923 lecta
1444 1868 1721 1944 potenter
1748 1859 1867 1924 erit
1891 1880 2014 1943 res,

313 1944 378 2006 N
381 1966 449 2008 ee
478 1944 762 2008 facundia
790 1943 1032 2008 deseret
1057 1945 1218 2008 hunc
1247 1965 1363 2009 nec
1391 1945 1626 2009 lucidus
1652 1945 1819 2009 ordo.

316 2028 558 2094 Ordinis
580 2030 732 2094 haee
763 2031 954 2094 virtus
983 2031 1098 2094 erit
1125 2035 1190 2094 et
1217 2052 1429 2110 venuS,
1459 2039 1564 2094 aut
1592 2053 1706 2114 ego
1733 2031 1933 2112 fallor,

312 2113 406 2177 Ut
422 2115 554 2199 jam
579 2136 740 2179 nune
771 2115 934 2180 dieat
951 2117 1084 2200 jam
1110 2137 1271 2180 nunc
1292 2116 1577 2181 debentia
1606 2117 1750 2196 dici,

313 2200 612 2286 Pleraque
643 2201 880 2286 differat
906 2209 970 2266 et
997 2223 1282 2288 praesens
1310 2203 1377 2266 in
1405 2210 1639 2290 tempus
1668 2202 1907 2288 omittat
1930 2219 1952 2280 ς

311 2286 449 2351 Hoc
479 2293 661 2364 amet,
689 2286 803 2352 hoc
833 2295 1080 2372 spernat
1107 2288 1379 2373 promissi
1408 2288 1685 2353 carminis
1714 2295 1947 2354 auctor.

314 2371 389 2435 [n
419 2372 616 2437 verbis
643 2373 826 2437 etiam
854 2374 1051 2438 tenuis
1079 2381 1411 2457 cautusque
1439 2374 1732 2454 serendis,

313 2457 556 2522 Dixeris
586 2459 831 2543 egregie
882 2465 1091 2522 notum
1117 2459 1170 2522 si
1199 2459 1417 2522 callida
1444 2459 1693 2522 verbum

311 2543 671 2608 Reddiderit
685 2545 978 2630 junctura
1003 2563 1244 2608 novum.
1335 2542 1405 2607 Si
1431 2543 1589 2607 forte
1616 2563 1867 2608 necesse
1898 2549 1995 2612 est

311 2628 559 2694 Iudiciis
585 2637 916 2694 monstrare
947 2629 1288 2694 recentibus
1317 2629 1523 2694 abdita
1548 2650 1774 2712 rerum,
1808 2681 1827 2695 ,
1858 2667 1865 2678 ‹
1896 2661 1905 2668 -

310 2715 572 2800 Fingere
603 2716 884 2780 cinctutis
911 2738 1031 2781 non
1063 2715 1349 2780 exaudita
1378 2715 1665 2800 Cethegis

313 2799 1025 2886 Continget,dabiturque
1053 2801 1297 2866 licentia
1325 2809 1564 2887 sumpta
1591 2799 1924 2886 pudentem

312 2885 397 2949 Et
423 2908 579 2950 nova
606 2888 866 2970 fictaque
895 2908 1090 2971 nuper
1114 2886 1421 2950 habebunt
1447 2888 1635 2953 verba
1666 2886 1849 2950 fidem
1895 2883 1951 2950 si
1986 2908 1990 2912 ·
2082 2948 2084 2950 ,

314 2970 550 3043 Graeco
580 2971 741 3034 fonte
763 2970 1202 3054 cadant‚parce
1232 2971 1491 3035 detorta.
1582 2971 1742 3045 Quid
1774 2978 1977 3036 autem

312 3056 575 3118 Caecilio
602 3041 938 3138 Plautoque
968 3056 1134 3119 dabit
1162 3056 1475 3120 Romanus
1525 3055 1875 3143 ademptum

313 3141 568 3222 Virgilio
597 3140 905 3221 Varioque
931 3138 958 3202 ’ἰ
1047 3139 1180 3223 Ego
1211 3160 1321 3203 cur
1372 3140 1684 3224 acquirere
1713 3163 1910 3225 pauca

317 3224 381 3288 Si
411 3246 650 3308 possum
699 3224 992 3303 invideor,
1024 3245 1162 3287 eum
1189 3224 1399 3308 lingua
1428 3226 1671 3290 Catonis
1700 3234 1764 3290 et
1792 3226 1954 3291 Enni

319 3309 666 3373 Sermonem
692 3309 951 3394 patrium
982 3308 1263 3373 ditaverit
1291 3319 1356 3374 et
1382 3333 1539 3375 nova
1564 3332 1768 3375 rerum

315 3395 573 3460 Nomina
595 3393 960 3480 protulerit?
1047 3394 1269 3476 Licuit,
1299 3418 1655 3481 semperque
1681 3397 1890 3462 licebit

317 3482 632 3567 Signatum
661 3487 977 3566 praesente
1007 3487 1150 3546 nota
1177 3482 1510 3567 producere
1539 3504 1776 3548 nomen.

314 3568 408 3634 Ut
435 3568 620 3632 silvae
648 3568 804 3633 foliis
832 3589 1049 3652 pronos
1077 3575 1387 3633 mutantur
1414 3568 1477 3632 in
1510 3589 1721 3649 annos,

313 3655 519 3718 Prima
541 3653 815 3754 cadunt)
853 3655 942 3718 ita
967 3655 1284 3719 verborum
1311 3661 1489 3720 vetus
1513 3655 1722 3718 interit
1748 3660 1940 3739 aetas,

315 3740 398 3803 Et
415 3737 710 3825 juvenum
737 3748 861 3805 ntu
885 3740 1104 3805 florent
1127 3741 1302 3806 modo
1330 3747 1477 3808 nata
1502 3741 1851 3827 vigentque.

2313 1884 2379 1932 49

2237 2307 2383 2374 ¹45
