2675 4409
1015 280 1146 326 mn.
1193 277 1240 326 1.
1288 278 1425 328 sA'r.
1472 281 1539 328 x.
2188 267 2309 336 151

221 437 604 520 Scripturas,
633 457 836 519 neque
891 441 952 499 te
982 443 1052 499 ut
1078 436 1330 500 miretur
1358 439 1535 502 turba
1585 440 1840 522 labores,

221 521 565 585 Contentus
597 522 803 604 paucis
832 522 1174 584 lectoribus·
1264 524 1371 586 An
1400 524 1781 590 tua‘demens

54 591 59 638 l
221 607 468 671 Vilibus
497 608 562 669 in
590 607 747 670 ludis
778 607 995 670 dictari
1024 607 1288 670 carmina
1315 609 1533 671 malis?
2134 659 2145 670 .
2244 637 2306 686 75

221 693 368 756 Non
401 715 552 776 ego:
597 713 740 754 nam
767 692 912 756 satis
941 700 1035 755 est
1063 693 1326 774 equitem
1355 694 1497 755 mihi
1526 695 1834 778 plaudere,
1862 703 1933 763 ut
1960 699 2159 766 audax

48 699 54 884 l
223 778 563 842 Contemtis
593 778 724 840 aliis
754 779 994 861 explosa
1021 778 1368 842 Arbuscula
1394 778 1565 842 dixit.

219 864 380 927 Men
432 871 670 926 moveat
699 864 895 926 cimex
926 863 1240 942 Pantilius,
1271 870 1378 925 aut
1412 866 1643 928 cruciet
1671 867 1833 949 quod

44 889 51 1020 l
217 950 495 1013 Vellicet
523 950 833 1011 absentem
862 949 1230 1026 DemetriuS,
1261 957 1369 1010 aut
1395 950 1556 1031 quod
1586 951 1825 1036 ineptus

42 1077 44 1082 ·
215 1035 496 1098 Fannius
520 1034 922 1116 Hermogenis
949 1033 1151 1096 laedat
1183 1033 1433 1096 conviva
1448 1027 1729 1118 Tigelli?
2238 1068 2302 1123 μυ

39 1097 62 1166 Ῐ
217 1121 460 1183 Plotius
491 1126 555 1183 et
581 1118 829 1198 VariuS,
859 1118 1185 1182 Maecenas
1214 1118 1651 1203 Virgiliusque,

215 1207 486 1288 Valgius
516 1211 580 1268 et
609 1205 819 1287 probet
845 1204 994 1268 haec
1029 1203 1317 1267 Octavius
1347 1205 1603 1287 optimus
1632 1213 1815 1290 atque

215 1291 483 1370 Fuscus,
517 1297 579 1353 et
607 1290 756 1353 haec
786 1289 1013 1352 utinam
1042 1289 1362 1354 Viscorum
1391 1290 1599 1355 laudet
1632 1295 1925 1378 uterque!

215 1377 570 1440 Ambitione
601 1376 871 1458 relegata
898 1383 959 1438 te
990 1374 1192 1438 dicere
1227 1395 1489 1458 possum,

214 1461 435 1538 Pollio,
468 1469 553 1539 te,
583 1461 869 1539 Messala,
899 1467 1002 1522 tuo
1033 1481 1170 1523 cum
1197 1460 1410 1540 fratre,
1440 1461 1735 1545 simulque
2231 1493 2296 1538 ω

213 1548 374 1625 VoS,
403 1547 607 1609 Bibuli
637 1553 702 1608 et
733 1545 929 1625 Servi,
960 1546 1135 1608 simul
1157 1546 1250 1608 his
1281 1552 1367 1626 te,
1396 1546 1649 1610 candide
1678 1548 1892 1630 Furni,

213 1633 572 1715 Complures
602 1632 770 1710 alios,
801 1630 1006 1694 doctos
1037 1652 1150 1713 ego
1177 1652 1324 1714 quos
1362 1638 1427 1694 et
1454 1633 1673 1696 amicos

212 1717 500 1781 Prudens
530 1724 875 1801 praetorem
921 1717 1136 1799 quibus
1164 1717 1338 1795 haec,
1370 1717 1490 1780 sint
1517 1719 1991 1807 qualiacunque,

207 1803 511 1867 Arridere
541 1803 741 1881 velim,
771 1801 1061 1864 doliturus
1113 1801 1164 1864 si
1194 1802 1474 1884 placeant
1501 1824 1607 1886 spe

207 1889 503 1952 Deterius
535 1897 760 1950 nostra.
850 1887 1146 1966 Demetri,
1177 1894 1384 1970 teque,
1416 1887 1653 1970 Tigelli,
1902 1887 1909 1894 ’
1986 1911 1995 1918 ·
2226 1914 2293 1965 0⁰

203 1974 661 2057 Discipularum
688 1973 848 2035 inter
863 1973 1052 2056 jubeo
1086 1971 1318 2056 plorare
1350 1973 1685 2036 cathedras.

203 2059 262 2140 1,
293 2081 474 2146 puer,
503 2065 688 2143 atque
719 2079 850 2122 meo
879 2058 1036 2122 citus
1063 2058 1213 2121 haec
1244 2057 1551 2122 subscribe
1579 2059 1799 2124 libello.
