2675 4409
303 280 430 346 162
797 302 809 311 -
1158 294 1531 377 sumnam

300 451 546 516 Excitat
567 451 682 514 hoc
711 454 931 535 pacto:
976 470 1243 513 mensam
1270 449 1411 534 poni
1430 450 1609 535 jubet
1636 454 1816 532 atque

299 537 543 601 Effundi
571 557 776 601 saccos
805 556 1201 614 nummorum,
1231 535 1523 600 accedere
1554 535 1755 620 plures

298 623 404 686 Ad
433 621 869 686 numerandum
897 641 913 698 ;
957 621 1254 684 hominem
1283 622 1371 684 sic
1402 620 1615 704 erigit3
1662 620 1833 684 addit
1862 625 1927 684 et
1958 619 2146 686 illud:
2280 642 2374 691 15⁰

299 707 385 771 Ni
415 715 521 772 tua
549 707 811 771 custodis
864 705 1074 770 avidus
1093 707 1225 790 jam
1253 707 1405 769 haec
1438 707 1673 768 auferet
1700 706 1897 770 heres·

297 792 466 856 Men'
500 793 686 857 vivo?
775 791 868 856 Ut
893 792 1062 855 vivas
1090 791 1277 874 igitur
1327 791 1530 874 vigila.
1620 791 1758 855 Hoc
1788 791 1942 876 age!
2034 791 2195 866 Quid
2234 788 2372 858 vis!

297 878 602 943 Deficient
629 879 865 960 inopem
894 898 1084 941 venae
1113 887 1175 940 te
1229 877 1293 939 ni
1323 877 1490 939 cibus
1521 883 1703 960 atque
2162 896 2175 904 ·

297 964 523 1048 Ingens
553 963 788 1026 accedit
815 963 1118 1026 stomacho
1147 962 1376 1025 fultura
1403 961 1624 1025 ruenti.

297 1046 392 1113 'ru
413 1047 668 1112 cessas?
759 1048 1068 1132 Agedum,
1101 1068 1267 1111 sume
1294 1048 1409 1110 hoc
1442 1045 1833 1131 ptisanarium
1866 1068 2103 1130 oryzae.
2280 1071 2375 1118 155

299 1134 525 1208 Quanti
541 1133 825 1218 emptae?
871 1133 1089 1196 Parv0.
1181 1131 1409 1206 Quanti
1436 1132 1629 1214 ergo?
1708 1132 2083 1197 Octussibus.
2156 1133 2371 1200 Eheu!

299 1219 460 1293 Quid
490 1221 698 1298 refert,
727 1217 930 1282 morbo
961 1239 1038 1281 an
1065 1218 1244 1281 furtis
1273 1231 1634 1302 pereamque
1658 1217 1881 1304 rapinis
1900 1218 1927 1281 ⁴?
1946 1255 2036 1266 —

299 1303 587 1379 Quisnam
615 1305 799 1388 igitur
826 1301 1056 1367 sanus?
1145 1302 1264 1376 Qui
1292 1325 1411 1366 non
1440 1305 1679 1367 stultus.
1772 1301 1932 1377 Quid
1962 1303 2227 1368 avarus?

301 1391 536 1455 Stultus
566 1398 630 1454 et
655 1390 919 1453 insanus.
1011 1387 1192 1468 Quid,
1221 1389 1273 1451 si
1301 1389 1436 1471 quis
1462 1410 1582 1452 non
1613 1387 1691 1452 sit
1720 1409 1959 1470 avaruS,

300 1475 596 1539 Continuo
626 1474 857 1538 sanus?
945 1473 1217 1536 Minime.
1309 1472 1460 1551 Cur,
1492 1471 1694 1538 Stoi’ce
1720 1473 1749 1538 ’ἰ
1834 1474 2073 1539 Dicam.
2281 1495 2375 1546 160

296 1561 362 1625 N
365 1584 440 1624 on
473 1568 567 1623 est
595 1560 904 1624 cardiacus
925 1595 1015 1606 —
1033 1558 1352 1622 Craterum
1382 1559 1601 1623 dixisse
1638 1566 1845 1643 putato
1865 1596 1948 1608 —

296 1646 420 1710 Hic
453 1666 672 1728 aeger:
718 1651 884 1708 recte
917 1652 1010 1707 est
1036 1643 1222 1728 igitur
1249 1653 1579 1729 surgetque
1606 1645 1634 1708 ’ἒ
1720 1645 1785 1708 N
1788 1646 2013 1730 egabit,

299 1731 475 1805 Quod
503 1734 659 1794 latus
688 1737 796 1795 aut
821 1751 998 1794 renes
1025 1730 1228 1794 morbo
1259 1737 1571 1794 tentantur
1600 1738 1798 1795 acuto.

298 1816 440 1880 Non
471 1824 564 1880 est
591 1817 866 1900 perjurus
894 1836 1091 1900 neque
1118 1816 1392 1879 sordidus
1420 1837 1437 1892 3
1480 1816 1746 1880 immolet
1774 1814 1983 1900 aequis

297 1903 421 1966 Hic
451 1924 697 1986 porcum
715 1901 996 1964 Laribus:
1039 1922 1250 1965 verum
1269 1901 1611 1965 ambitiosus
1642 1910 1706 1965 et
1734 1903 1934 1966 audax
1960 1921 1979 1978 3
2282 1923 2377 1974 165

296 1989 568 2071 Naviget
594 1987 976 2072 Anticyram.
1067 1985 1228 2062 Quid
1257 1988 1417 2050 enim
1446 1987 1666 2067 differt,
1696 1987 2056 2051 barathrone

297 2073 502 2137 Dones
532 2073 816 2158 quidquid
846 2073 1052 2153 habeS,
1084 2094 1162 2138 an
1189 2094 1496 2157 nunquam
1526 2081 1697 2136 utare
1728 2072 2005 2158 paratis?

301 2159 549 2224 Servius
581 2157 875 2244 Oppidius
905 2157 1130 2223 Canusi
1159 2157 1278 2222 duo
1305 2151 1577 2243 praedia,
1608 2158 1775 2224 dives

297 2245 570 2331 Antiquo
599 2267 806 2325 censu,
837 2245 1034 2328 gnatis
1065 2245 1282 2308 divisse
1323 2243 1557 2308 duobus

297 2330 524 2396 Fertur
551 2338 615 2394 et
640 2331 752 2395 hoc
781 2329 1038 2393 moriens
1066 2331 1270 2415 pueris
1299 2329 1518 2393 dixisse
1550 2328 1777 2394 vocatis
2284 2350 2378 2398 170

298 2412 406 2480 Ad
433 2417 693 2480 lectum:
741 2415 1068 2498 Postquam
1097 2423 1158 2478 te
1189 2417 1363 2494 talos,
1392 2413 1579 2493 Aule,
1608 2434 1915 2500 nucesque

297 2502 488 2566 Ferre
519 2503 653 2566 sinu
677 2504 836 2580 laxe,
865 2500 1089 2564 donare
1121 2507 1184 2562 et
1209 2500 1421 2562 ludere
1457 2499 1604 2579 vidi,

298 2588 410 2668 Te,
441 2588 665 2666 Tiberi,
693 2607 1033 2666 numerare,
1065 2585 1226 2650 cavis
1257 2584 1624 2649 abscondere
1664 2585 1941 2663 tristem3

299 2672 589 2754 Extimui,
617 2695 695 2736 ne
725 2693 830 2736 vos
862 2678 1075 2756 ageret
1102 2671 1349 2736 vesania
1377 2671 1625 2751 discors,

299 2759 394 2824 Tu
424 2760 891 2838 Nomentanum,
925 2765 992 2822 tu
1021 2779 1098 2822 ne
1128 2779 1451 2843 sequerere
1484 2755 1781 2820 Cicutam.
2238 2768 2246 2777 ‘
2284 2775 2379 2823 1¹75

301 2845 503 2919 Quare
532 2867 644 2930 per
671 2844 837 2907 divos
867 2852 1069 2908 oratus
1097 2853 1354 2927 uterque
1384 2843 1671 2920 Penates,

299 2931 392 2996 'su
416 2953 562 2994 cave
591 2951 668 2994 ne
698 2931 952 3009 minuas,
981 2937 1050 2992 tu
1077 2951 1153 2992 ne
1184 2929 1375 3012 majus
1404 2928 1591 2992 facias
1621 2928 1684 2991 id

301 3016 476 3090 Quod
504 3017 650 3079 satis
679 3036 810 3078 esse
839 3021 1016 3098 putat
1043 3021 1218 3097 pater
1247 3021 1310 3076 et
1337 3019 1557 3075 natura
1600 3014 1860 3076 coercet.

299 3101 631 3165 Praeterea
658 3121 734 3162 ne
764 3121 870 3162 vos
899 3099 1101 3162 titillet
1128 3099 1317 3182 gloria
1358 3099 1499 3181 jure

297 3187 341 3251 J
345 3185 573 3248 urando
601 3183 967 3268 obstringam
997 3184 1168 3247 ambo
1192 3205 1208 3245 z
1254 3189 1392 3245 uter
1421 3181 1630 3244 aedilis
1656 3180 1919 3245 fueritve
2287 3202 2381 3250 180

298 3273 592 3334 Vestrum
618 3276 882 3354 praetor,
913 3271 964 3333 is
993 3268 1346 3331 intestabilis
1377 3274 1439 3329 et
1466 3288 1640 3330 sacer
1669 3277 1819 3330 esto,

298 3357 374 3420 In
406 3356 600 3420 cicere
631 3363 814 3439 atque
844 3356 985 3418 faba
1012 3355 1168 3417 bona
1196 3361 1266 3416 tu
1295 3352 1634 3437 perdasque
1664 3352 1905 3436 lupinis,

298 3443 488 3507 Latus
516 3449 587 3504 ut
613 3442 675 3504 in
705 3442 864 3504 circo
893 3440 1152 3526 spatiere
1185 3446 1248 3502 et
1293 3445 1522 3503 acneus
1571 3445 1643 3502 ut
1670 3447 1816 3517 stes,

299 3529 520 3593 Nudus
551 3527 736 3612 agriS‚
766 3526 963 3590 nudus
993 3527 1272 3604 nummiS,
1299 3526 1533 3604 insane,
1564 3525 1829 3609 paternis
1856 3543 1874 3600 3

304 3613 550 3678 Scilicet
577 3621 648 3676 ut
675 3614 919 3696 plausus
971 3633 1118 3695 quos
1147 3612 1268 3674 fert
1296 3612 1597 3694 Agrippa,
1626 3610 1786 3673 feras
1815 3616 1907 3688 tu,
2285 3629 2381 3678 185

298 3700 527 3763 Astuta
553 3699 879 3782 ingenuum
907 3699 1119 3781 vulpes
1147 3698 1381 3760 imitata
1407 3699 1640 3760 leonem
1665 3694 1679 3758 !
1701 3730 1791 3742 —

299 3784 363 3848 N
366 3807 399 3848 e
431 3785 564 3869 quis
591 3785 870 3850 humasse
902 3784 1047 3849 velit
1075 3783 1355 3868 Ajacem,
1384 3781 1630 3860 Atrida,
1661 3786 1833 3844 vetas
1864 3799 1975 3843 cur
2004 3777 2032 3842 ‘2

2636 3257 2653 3288 Ι
