2675 4409
1028 287 1157 335 ms.
1199 286 1246 337 1.
1292 288 1491 341 must.
1534 288 1676 343 ΧΠ.
2266 281 2392 349 201

287 444 436 510 Hae
463 442 738 507 latebrae
768 440 1002 521 dulces,
1031 441 1212 507 etiam
1241 442 1292 507 si
1322 443 1519 509 eredis
1549 463 1857 529 amoenae,
2330 472 2391 523 ιε

288 532 669 596 Incolumem
697 528 808 593 tibi
834 548 931 595 me
960 536 1272 613 praestant
1303 528 1765 614 Septembribus
1784 535 1963 602 horis.

289 617 392 681 'ru
420 623 592 684 recte
621 615 772 680 vivis
801 614 854 677 si
882 635 1060 677 curas
1091 636 1228 679 esse
1253 616 1415 699 quod
1445 618 1639 683 audis.

289 702 340 767 J
342 710 617 766 actamus
637 700 1002 786 jampridem
1030 701 1218 765 omnis
1247 710 1310 765 te
1342 703 1538 767 Roma
1568 705 1853 785 beatum3

295 788 427 852 Sed
459 809 778 851 vereor-ne
810 787 909 850 cui
939 787 1016 849 de
1047 793 1108 850 te
1135 788 1272 871 plus
1303 810 1484 872 quam
1516 789 1627 855 tibi
1658 792 1895 876 credas,

292 874 478 938 Neve
508 880 682 957 putes
710 874 893 937 alium
921 873 1190 956 sapiente
1219 874 1495 959 bonoque
1522 876 1791 957 beatum,
2320 906 2388 956 ω

293 959 444 1024 Neu
477 960 526 1022 si
556 968 618 1022 te
648 960 902 1044 populus
933 980 1144 1023 sanum
1175 966 1464 1044 recteque
1496 962 1798 1026 valentem

292 1046 561 1110 Dietitet
589 1046 884 1109 occultam
911 1044 1144 1108 febrem
1173 1046 1284 1109 sub
1316 1052 1553 1130 tempus
1584 1048 1803 1115 edendi

291 1130 678 1211 Dissimules‚
701 1131 890 1195 donec
919 1131 1192 1195 manibus
1222 1137 1449 1196 tremor
1476 1133 1701 1197 incidat
1728 1136 1945 1206 unctis.

299 1216 638 1281 Stultorum
667 1216 942 1280 incurata
969 1217 1164 1301 pudor
1191 1219 1385 1281 malus
1414 1218 1621 1283 ulcera.
1650 1221 1825 1285 celat.

298 1301 373 1369 Si
403 1303 538 1387 quis
564 1304 722 1371 bella
749 1303 858 1369 tibi
886 1310 1052 1367 terra
1079 1311 1353 1387 pugnata
1378 1304 1651 1388 marique
2318 1334 2387 1384 ,Β

294 1389 489 1453 Dicat
515 1395 578 1452 et
605 1389 698 1452 his
728 1389 928 1452 verbis
956 1410 1179 1453 vacuas
1209 1391 1582 1473 permulceat
1609 1412 1825 1457 aures:

295 1479 342 1513 “
366 1474 532 1538 Tene
561 1475 751 1557 magis
780 1476 1014 1539 salvum
1041 1476 1296 1559 populus
1324 1476 1473 1539 velit
1501 1497 1579 1541 an
1607 1479 1895 1562 populum
1928 1484 1999 1545 tu

235 1638 242 1645 .
299 1559 524 1625 Servet
550 1560 614 1623 in
645 1560 924 1643 ambiguo
953 1560 1058 1643 qui
1087 1562 1345 1624 consulit
1374 1567 1438 1625 et
1465 1562 1575 1627 tibi
1605 1571 1669 1627 et
1694 1565 1866 1629 urbi:

295 1645 346 1710 J
349 1646 588 1730 uppiter
608 1645 682 1724 ;’'
715 1644 984 1727 Augusti
1013 1645 1224 1709 laudes
1254 1668 1583 1729 agnoscere
1612 1650 1833 1733 possis:

297 1730 460 1797 Cum
489 1731 710 1815 pateris
740 1732 980 1815 sapiens
1008 1732 1481 1816 emendatusque
1512 1736 1736 1815 vocari,
2318 1763 2384 1813 ω

296 1816 730 1900 Respondesne
762 1824 867 1880 tuo
896 1816 994 1881 dic
1023 1817 1198 1881 sodes
1227 1818 1513 1883 nomine?
1602 1820 1841 1905 Nempe

293 1902 420 1969 Vir
446 1904 634 1966 bonus
663 1909 728 1965 et
757 1901 1022 1986 prudens
1053 1902 1173 1966 diei
1202 1901 1477 1969 delector
1504 1926 1617 1988 ego
1646 1927 1719 1971 ac
1750 1914 1836 1971 tu.

295 1988 422 2063 Qui
451 1988 619 2053 dedit
646 1989 758 2055 hoc
787 1988 963 2053 hodie
995 2008 1130 2055 cras
1157 1988 1212 2052 si
1239 1990 1402 2055 volet
1430 1992 1688 2074 auferet,
1717 2001 1787 2057 ut
1814 1992 1869 2059 si

292 2074 606 2140 Detulerit
631 2075 828 2137 fasces
855 2074 1102 2157 indigno
1133 2074 1414 2139 detrahet
1440 2076 1621 2141 idem.

294 2165 344 2200 “
370 2161 559 2237 Pone,
589 2181 788 2223 meum
817 2167 951 2226 est:
975 2160 1016 2191 ’'
1048 2160 1263 2244 inquit.
1356 2160 1522 2226 Pone
1554 2163 1861 2248 tristisque
1900 2167 2145 2233 recedo.
2314 2188 2381 2240 ω

292 2244 477 2311 Idem
505 2246 555 2309 si
586 2247 805 2309 clamet
832 2245 1051 2323 furem,
1080 2252 1266 2329 neget
1294 2268 1427 2311 esse
1456 2248 1765 2331 pudicum,

295 2331 645 2396 contendat
671 2333 886 2415 laqueo
917 2332 1136 2395 collum
1166 2333 1453 2416 pressisse
1484 2341 1801 2417 paternum
1825 2355 1843 2413 ;

292 2416 588 2481 Mordear
619 2417 948 2502 opprobriis
977 2418 1142 2483 falsis
1170 2426 1517 2502 mutemque
1548 2420 1825 2485 colores?

292 2504 514 2567 Falsus
541 2503 732 2567 honor
749 2503 930 2587 juvat
957 2509 1024 2567 et
1048 2503 1308 2571 mendax
1335 2505 1581 2571 infamia
1612 2512 1803 2571 terret

295 2588 497 2663 Quem
517 2589 632 2652 nisi
655 2589 1003 2652 mendosum
1027 2597 1090 2651 et
1111 2589 1531 2653 medicandum
1552 2590 1579 2653 ’ἓ
1626 2591 1744 2655 Vir
1764 2592 1953 2657 bonus
1972 2597 2066 2657 est
2087 2591 2263 2677 quis?
2314 2614 2379 2663 40

295 2674 422 2748 Qui
451 2675 723 2739 consulta
750 2682 1009 2758 patrum,
1040 2674 1144 2757 qui
1173 2675 1341 2758 leges
1361 2676 1623 2773 juraque
1653 2683 1878 2757 servat,

295 2758 435 2833 Quo
461 2762 687 2823 multae
713 2780 1089 2843 magnaeque
1120 2766 1407 2823 secantur
1423 2760 1633 2846 jud1ce
1663 2760 1821 2840 lites„

295 2844 433 2919 Quo
462 2868 560 2910 res
590 2866 870 2930 sponsore
902 2852 965 2908 et
994 2866 1111 2929 quo
1143 2865 1361 2909 causae
1391 2851 1547 2909 teste
1579 2851 1878 2911 tenentur.

299 2930 428 2997 Sed
457 2932 624 2995 videt
649 2931 811 2996 hunc
841 2931 1031 3009 omnis
1061 2931 1272 3003 domus
1301 2937 1365 2995 et
1392 2930 1612 2995 vicinia
1640 2938 1767 2999 tota

295 3018 634 3082 Introrsum
661 3025 921 3101 turpem,
952 3016 1286 3101 speciosum
1314 3018 1471 3101 pelle
1503 3017 1739 3081 decora.
2312 3039 2377 3094 ω

295 3108 341 3142 “
368 3103 504 3168 Nec
534 3103 762 3166 furtum
791 3102 910 3167 feci
937 3122 1050 3167 nec
1081 3103 1276 3186 fugi,''
1305 3103 1359 3165 si
1386 3103 1531 3167 mihi
1560 3103 1727 3168 dicat

299 3187 552 3267 Servus,
582 3194 625 3226 ‘⁶
648 3188 865 3252 Habes
894 3189 1180 3273 pretium,
1207 3189 1351 3253 loris
1378 3208 1497 3253 non
1526 3188 1785 3267 ureris‚”
1817 3189 1933 3253 aio.

290 3280 340 3313 “
365 3276 430 3337 N
431 3297 507 3338 on
536 3275 831 3339 hominem
861 3273 1124 3339 occidi.''
1214 3279 1255 3311 “
1278 3274 1419 3337 Non
1450 3296 1662 3358 pasces
1690 3276 1757 3339 in
1788 3296 1969 3339 cruce
1996 3271 2271 3341 corvos-’⁹

295 3365 342 3399 “
370 3360 519 3425 Sum
548 3361 740 3423 bonus
771 3367 833 3423 et
861 3360 1089 3443 frugi.’'
1180 3364 1220 3397 “
1245 3360 1475 3423 Renuit
1502 3362 1855 3443 negitatque
1888 3359 2201 3426 Sabellus:

297 3446 532 3513 Cautus
561 3448 719 3509 enim
748 3446 962 3509 metuit
989 3447 1226 3509 foveam
1253 3446 1431 3529 lupus
1460 3447 1867 3527 accipiterque
2312 3460 2379 3511 ω

299 3530 630 3616 Suspectos
658 3534 906 3615 laqueos
937 3540 999 3595 et
1028 3538 1304 3615 opertum
1333 3532 1551 3594 miluus
1580 3530 1843 3591 hamum.

299 3618 583 3682 Oderunt
609 3638 864 3701 peccare
895 3618 1033 3681 boni
1062 3617 1300 3681 virtutis
1334 3634 1574 3688 amore;

294 3704 396 3769 Tu
423 3704 570 3767 nihil
600 3704 880 3767 admittes
907 3704 970 3767 in
1001 3710 1062 3767 te
1092 3701 1405 3767 formidine
1437 3712 1707 3779 poenae:

298 3789 402 3858 Sit
427 3790 568 3876 spes
593 3789 864 3871 fallendi,
895 3789 1170 3855 miscebis
1199 3805 1375 3849 sacra
1401 3780 1665 3869 profanis
1686 3800 1706 3861 3
