2675 4409
272 248 406 316 1641
1142 263 1517 314 summum

270 419 463 504 Ungu
466 419 731 484 eutarius
762 439 833 484 ac
864 417 1048 484 Tusci
1076 420 1302 484 turba·
1285 421 1476 506 impia
1507 419 1646 500 vici,

275 506 431 570 Cum
459 507 683 570 scurris
713 507 926 586 fartor,
957 527 1095 572 cum
1125 507 1394 572 Velabro
1425 529 1598 572 omne
1629 505 1976 587 Macellum,

271 592 459 657 Mane
492 593 734 656 domum
764 593 1029 656 veniant.
1124 593 1287 668 Quid
1317 603 1490 658 tum.
1469 593 1497 642 ⁶?
1587 593 1837 658 Venere
1867 597 2238 679 frequentes,
2271 617 2368 668 230

271 679 487 744 Verba
512 681 665 744 facit
692 681 859 743 leno:
916 679 1223 766 Quidquid
1253 682 1424 761 mihi,
1455 681 1750 765 quidquid.
1779 689 1844 744 et
1871 683 2084 746 horum

274 766 510 850 Cuique
542 767 703 830 domi
732 774 847 845 est,
876 766 941 829 id
972 767 1155 831 crede
1188 774 1360 831 tuum
1393 775 1457 831 et
1487 769 1583 830 vel
1613 789 1774 832 nunc
1805 777 1950 853 pete
1982 771 2082 834 vel
2110 789 2269 834 craS.

268 853 507 937 ,Accipe
538 853 684 937 quid
714 860 926 918 contra
945 854 1188 938 juvenis
1217 854 1601 938 responderit
1629 875 1898 939 aequuS.

269 939 349 1002 In
378 940 516 1004 nive
548 939 799 1004 Lucana
828 940 1047 1004 dormis
1078 948 1356 1004 ocreatus
1388 947 1458 1004 ut
1487 961 1700 1024 aprum

273 1025 539 1091 Coenem
566 1048 715 1110 eg03
762 1035 831 1090 tu
860 1027 1057 1111 pisces
1084 1027 1335 1092 hiberno
1367 1039 1456 1096 ex'
1472 1047 1735 1110 aequore
1766 1031 1980 1096 verris.
2274 1048 2373 1096 235

274 1111 495 1196 Segnis
524 1135 661 1197 eg0‚
691 1114 973 1197 indignus
1001 1113 1107 1198 qui
1136 1119 1376 1178 tantum
1403 1113 1774 1216 possideam.
1823 1119 2025 1184 aufer.

276 1198 461 1264 Sume
491 1201 601 1264 tibi
632 1201 873 1278 decies;
918 1201 1029 1265 tibi
1058 1201 1480 1279 tantumdem3
1521 1201 1633 1264 tibi
1662 1202 1884 1289 triplex

271 1285 457 1352 Unde
488 1309 641 1351 uxor
668 1287 869 1351 media
898 1287 1090 1352 currit
1117 1288 1195 1351 de
1224 1295 1404 1353 noete
1435 1295 1668 1352 vocata.

271 1372 465 1438 Filius
493 1374 725 1457 Aesopi
756 1375 1093 1438 detractam
1124 1395 1201 1438 ex
1231 1397 1378 1439 aure
1409 1375 1727 1456 Metellae,

277 1459 527 1524 Scilicet
554 1467 626 1523 ut
653 1460 856 1524 decies
886 1460 1143 1523 solidum
1172 1461 1545 1541 absorberet,
1577 1469 1752 1526 aceto
2279 1483 2376 1534 240

274 1544 472 1608 Diluit
500 1546 799 1628 insignem
828 1546 1115 1608 baecamz
1164 1551 1271 1628 qui
1298 1547 1502 1610 sanior
1531 1568 1602 1610 ac
1633 1548 1688 1610 si

272 1629 440 1694 Illud
468 1630 628 1693 idem
656 1631 720 1693 in
750 1630 1026 1714 rapidum
1054 1631 1278 1695 flumen
1298 1633 1614 1715 jaceretve
1645 1631 1964 1696 cloacam?

276 1715 487 1789 Quinti
519 1717 836 1800 progenies
864 1715 1041 1795 Arri,
1070 1737 1181 1799 par
1212 1718 1413 1780 nobile
1443 1717 1723 1796 fratrum,

276 1802 571 1886 Nequitia
604 1816 666 1865 et
694 1803 873 1884 nugis
902 1823 1225 1886 pravorum
1254 1811 1320 1866 et
1347 1811 1551 1866 amore
1584 1803 1930 1885 gemellum,

274 1889 591 1952 Luscinias
620 1888 777 1952 soliti
805 1889 1075 1971 impenso
1108 1889 1406 1971 prandere
1439 1893 1770 1971 coemptas,
2276 1911 2374 1960 245

277 1974 577 2049 Quorsum
606 1975 869 2038 abeant.
848 1973 875 2018 ⁴?
968 1973 1158 2038 Sanin
1188 1983 1360 2039 creta
1388 1997 1467 2039 an
1497 1976 1755 2039 carbone
1785 1975 2086 2041 notandi?

274 2061 626 2126 Aedificare
658 2082 854 2140 casae,
883 2061 1158 2144 plostello
1192 2062 1526 2146 adjungere
1557 2083 1784 2142 mureS,

279 2147 523 2212 Ludere
553 2169 665 2233 par
694 2148 910 2232 impar,
941 2147 1213 2231 equitare
1244 2149 1308 2212 in
1340 2148 1633 2212 arundine
1663 2149 1867 2234 longa,

282 2233 349 2298 Si
380 2255 561 2320 quem
592 2235 859 2299 delectet
887 2235 1206 2300 barbatum
1236 2236 1502 2300 amentia
1532 2243 1754 2300 verset.

282 2319 350 2385 Si
380 2322 667 2406 puerilius
700 2321 793 2385 his
821 2321 976 2386 ratio
1007 2343 1138 2386 esse
1172 2323 1412 2386 evincet
1441 2343 1668 2401 amare,
2279 2343 2380 2392 250

278 2343 421 2472 Nec
450 2408 781 2494 quidquam
812 2409 1051 2472 differre
1082 2409 1412 2472 utrumne
1395 2431 1458 2471 ιιι
1488 2409 1737 2508 pulvere
1766 2405 1982 2472 trimus
2113 2416 2116 2419 ’

280 2493 476 2569 Quale
507 2496 673 2580 prius
702 2495 878 2560 ludas
906 2515 1081 2580 opuS,
1111 2517 1191 2560 an
1219 2495 1554 2559 meretricis
1584 2515 1786 2560 amore

284 2580 590 2648 Sollicitus
619 2583 841 2667 plore3‚
872 2604 1099 2668 quaero
1128 2583 1408 2682 faciasne·
1429 2580 1591 2664 quod
1623 2581 1764 2645 olim

279 2667 561 2734 Mutatus
591 2671 925 2734 Polemon.
904 2669 931 2716 ⁴?
977 2691 1165 2755 ponas
1194 2668 1452 2753 insignia
1481 2667 1694 2748 morbi,

284 2754 610 2836 Fasciolas,
640 2756 890 2834 cub-ital,
919 2756 1159 2836 focalia,
1189 2765 1368 2841 potus
1397 2762 1468 2818 ut
1495 2754 1597 2820 ille
2285 2769 2382 2822 255

282 2841 528 2907 Dicitur
557 2865 634 2906 ex
663 2844 814 2906 collo
844 2843 1052 2905 furtim
1087 2844 1384 2926 carpsisse
1415 2861 1670 2906 coronas

284 2927 616 3012 Postquam
646 2936 741 2993 est
768 2928 1055 3011 impransi
1085 2937 1400 3011 correptus
1430 2948 1578 2990 voce
1607 2925 1923 3010 magistri.
1901 2926 1930 2974 Ῥ

284 3014 554 3098 Porrigis
582 3013 737 3076 irato
766 3034 955 3094 puero
986 3033 1125 3076 cum
1158 3035 1334 3094 poma
1364 3018 1642 3074 recusat.

289 3099 498 3178 Sume,
530 3098 784 3162 catelle!
830 3106 1059 3178 negat·
1044 3144 1061 3172 ,
1106 3097 1159 3160 si
1188 3119 1307 3160 non
1336 3096 1447 3159 des
1477 3103 1682 3179 optet:
1730 3102 1962 3160 amator

286 3185 589 3250 Exclusus
622 3183 727 3265 qui
758 3183 943 3244 distat
972 3184 1107 3265 agit
1130 3183 1231 3244 ubi
1260 3203 1467 3245 secum
1499 3188 1600 3244 eat
1629 3202 1707 3244 an
1736 3203 1857 3244 non
2287 3205 2384 3256 260

288 3271 423 3344 Quo
454 3269 759 3352 rediturus
790 3275 923 3330 erat
951 3290 1068 3330 non
1100 3269 1446 3346 arcessitus,
1478 3275 1543 3330 et
1569 3268 1786 3330 haeret

292 3357 507 3422 Invisis
536 3355 762 3419 foribus
787 3353 814 3418 ’ἒ
904 3353 1041 3417 Nec
1072 3375 1233 3417 nunc
1264 3377 1403 3418 eum
1433 3375 1529 3417 me
1560 3360 1739 3417 vocat
1765 3354 1926 3419 ultro

289 3442 659 3510 Accedam?
748 3442 854 3506 An
883 3441 1081 3527 potius
1111 3440 1368 3504 mediter
1396 3441 1570 3504 finire
1603 3439 1886 3504 dolores?

292 3532 607 3609 Exclusit3
653 3537 901 3593 revocat
926 3552 941 3592 z
989 3527 1283 3593 redeam?
1375 3527 1519 3591 Non
1555 3527 1607 3591 si
1636 3527 1928 3590 obsecret.
2019 3527 2186 3594 Ecce

297 3619 525 3684 Servus
552 3640 674 3682 non
703 3617 881 3700 paulo
912 3616 1269 3700 sapientior:
1322 3613 1377 3679 O
1409 3617 1579 3696 here,
1611 3635 1768 3698 quae
1797 3635 1898 3678 res
2289 3635 2382 3688 255

294 3705 433 3770 Nec
463 3705 707 3768 modum
733 3702 920 3766 habet
946 3724 1145 3786 neque
1176 3703 1489 3768 consilium
1517 3701 1750 3767 ratione
1779 3701 2076 3786 modoque

295 3790 573 3856 Tractari
600 3811 722 3855 non
750 3788 896 3855 volt.
987 3787 1067 3852 In
1094 3809 1295 3856 amore
1324 3789 1480 3858 haec
1508 3794 1653 3857 sunt
1680 3789 1862 3871 mala,
1891 3788 2138 3872 bellum,
