2675 4409
405 275 487 338 98

1273 283 1620 330 ΟΑΒΜΙΝΠΜ

831 439 1001 514 Quae
1032 438 1295 522 spirabat
1325 457 1580 515 amoreS,

918 524 1088 598 Quae
1118 545 1214 586 me
1247 528 1566 605 surpuerat
1593 521 1757 599 mihi,

746 610 921 674 Felix
948 617 1083 694 post
1115 608 1413 688 Cinaram,
1423 615 1684 690 notaque
1716 612 1778 669 et
1807 605 2026 670 artium

748 695 1074 760 Gratarum
1102 695 1287 756 facies
1314 693 1342 756 ’ἓ
1434 691 1559 755 Sed
1590 691 1846 755 Cinarae
1874 692 2092 758 breves

832 781 1046 843 Annos
1074 779 1201 842 fata
1230 778 1550 856 dederunt,

922 864 1251 928 Servatura
1283 863 1386 925 diu
1415 883 1622 945 parem

752 949 1021 1014 Cornicis
1050 951 1288 1012 vetulae
1320 948 1684 1030 temporibus
1709 947 1942 1030 Lycen,

749 1035 1005 1098 Possent
1033 1042 1102 1097 ut
1122 1036 1378 1117 juvenes
1406 1033 1600 1096 visere
1629 1033 1846 1098 fervidi

834 1120 1033 1184 Multo
1061 1140 1179 1181 non
1208 1119 1335 1181 sine
1366 1117 1490 1180 risu

918 1204 1229 1290 Dilapsam
1255 1203 1319 1266 in
1352 1203 1584 1267 cineres
1612 1203 1830 1266 facem.

1068 1623 1538 1689 CARMEN
1595 1623 1817 1690 XIV.

747 1962 931 2038 QUAE
962 1979 1109 2027 cura
1133 1969 1373 2046 patrum
1427 1985 1656 2048 quaeve
1688 1963 2006 2038 Quiritium

745 2049 952 2113 Plenis
979 2049 1266 2113 honorum
1295 2051 1640 2112 muneribus
1669 2059 1825 2129 tuas»,

833 2134 1138 2216 Auguste,
1163 2136 1417 2198 virtutes
1445 2136 1507 2197 in
1537 2156 1752 2198 aevum

917 2219 1041 2284 Per
1069 2220 1270 2282 titulos
1298 2241 1708 2303 memoresque
1737 2219 1922 2284 fastos

744 2305 1066 2384 Aeternot,
1096 2325 1131 2368 o
1188 2325 1309 2388 qua
1337 2306 1422 2366 sol
1452 2305 1803 2368 habitabiles

746 2390 1021 2454 Illustrat
1049 2403 1183 2451 oras
1232 2390 1488 2452 maxime
1519 2390 1901 2473 principum?

832 2473 1026 2548 Quem
1055 2474 1205 2555 legis
1236 2495 1311 2535 ex
1359 2481 1519 2536 ertes
1551 2473 1802 2538 Latinae

915 2556 1218 2623 Vindelici
1240 2495 1510 2621 didicere
1540 2580 1734 2642 nuper

742 2642 903 2717 Quid
931 2641 1131 2706 Marte
1161 2663 1381 2727 posses.
1433 2642 1633 2708 Milite
1659 2661 1801 2709 nam
1829 2651 1935 2710 tuo

741 2728 977 2794 Drusus
1009 2727 1352 2807 Genaunos,
1381 2729 1763 2816 implacidum
1800 2751 2015 2814 genus,

828 2813 1221 2900 Breunosque
1254 2815 1506 2892 veloceS,
1520 2824 1582 2880 et
1610 2837 1782 2881 arces

912 2899 1171 2983 Alpibus
1198 2900 1502 2983 impositas
1533 2903 1858 2966 tremendis

740 2982 983 3068 Dejecit
1011 3005 1153 3048 acer
1182 2986 1316 3068 plus
1347 2987 1477 3048 vice
1507 2986 1799 3068 simpliei;

741 3068 942 3150 Major
969 3069 1281 3132 Neronum
1310 3090 1446 3131 mox
1477 3089 1660 3150 grave
1690 3071 1980 3152 proelium

831 3152 1139 3216 Commisit
1183 3155 1590 3235 immanesque
1621 3153 1846 3218 Raetos

913 3237 1217 3320 Auspiciis
1246 3237 1476 3320 pepulit
1504 3239 1804 3317 secundis,

744 3321 1121 3404 Spectandus
1150 3321 1213 3383 in
1243 3322 1568 3384 certamine
1599 3322 1845 3405 Martio,

740 3405 979 3470 Devota
1008 3406 1181 3468 morti
1211 3412 1458 3489 pectora
1485 3407 1708 3472 liberae

829 3489 1083 3563 Quantis
1112 3492 1398 3574 fatigaret
1425 3491 1611 3556 ruinis
1639 3513 1655 3569 ;

746 3640 755 3646 ,
910 3574 1237 3639 Indomitas
1268 3599 1451 3662 prope
1482 3579 1675 3660 qualis
1703 3578 1896 3642 undas

742 3657 1009 3724 Exercet
1036 3660 1286 3742 Auster,
1317 3662 1635 3727 Pleiadum
1665 3666 1846 3728 choro

744 3743 1069 3810 Scindente
1098 3749 1313 3829 nubes,
1343 3749 1599 3834 impiger
1629 3751 1887 3814 hostium

2414 2755 2476 2806 10

2415 3177 2477 3226 15
