2675 4409
908 294 1039 341 LIB-
1084 293 1192 341 111.
1236 293 1434 342 cum.
1480 294 1594 342 XV.

558 446 756 513 Unico
785 446 1058 531 gaudens
1087 448 1302 510 mulier
1327 449 1541 512 marito

553 533 821 597 Prodeat
861 533 1043 617 justis
1071 540 1319 616 operata
1353 535 1563 614 sacriS,

557 619 642 682 Et
668 640 836 682 soror
863 618 1010 680 clari
1038 617 1209 681 ducis
1261 625 1326 680 et
1353 619 1605 682 decorae

900 701 1184 786 Supplice
1215 702 1367 765 vitta

539 788 874 872 ‚virginum
902 795 1125 851 mat-res
1165 787 1581 871 juvenumque
1608 808 1803 870 nuper

559 871 882 958 Sospitum.
972 872 1124 951 VoS,
1154 892 1190 934 o
1223 873 1395 956 pueri
1424 881 1488 935 et
1516 873 1751 956 puellae

556 958 603 1022 J
604 979 700 1022 am
730 957 922 1022 virum
952 964 1260 1040 expertae,
1289 958 1447 1021 male
1476 958 1749 1021 ominatis

896 1041 1136 1104 Parcite
1166 1042 1384 1105 verbis,

557 1123 680 1190 Hic
712 1125 840 1189 dies
869 1147 1012 1189 vere
1040 1126 1184 1188 mihi
1211 1127 1401 1190 festus
1428 1132 1593 1190 atras

553 1210 796 1275 Eximet
824 1228 1035 1289 curas;
1089 1232 1202 1294 ego
1229 1232 1342 1274 nec
1373 1212 1691 1274 tumultum

554 1295 690 1360 Nec
718 1295 870 1359 mori
939 1316 1007 1358 er
1035 1295 1155 1358 vim
1183 1303 1449 1358 metuam
1500 1301 1745 1358 tenente

950 1401 1157 1443 aesare
1186 1386 1401 1442 terras·

555 1462 594 1528 I
645 1469 784 1549 pete
813 1472 1209 1548 unguentum,
1238 1483 1411 1548 puer,
1442 1470 1505 1527 et
1533 1483 1779 1529 coronas

552 1549 638 1614 Et
667 1549 881 1614 cadum
909 1549 1102 1612 Marsi
1129 1570 1454 1612 memorem
1483 1549 1689 1630 duelli,

558 1633 914 1720 Spartacum
945 1635 996 1696 ei
1025 1655 1145 1718 qua
1168 1634 1363 1718 potuit
1390 1642 1714 1718 vagantem

890 1718 1128 1782 Fallere
1159 1725 1336 1781 testa.

553 1801 670 1868 Dic
701 1809 766 1866 et
791 1811 1044 1887 argutae
1073 1810 1357 1888 properet
1383 1802 1663 1868 Neaerae

554 1887 909 1952 Murrheum
940 1888 1095 1952 nodo
1125 1889 1400 1952 cohibere
1431 1889 1655 1953 crinem
1680 1907 1702 1968 3

560 1970 629 2038 Si
655 1996 765 2060 per
785 1974 1041 2038 invisum
1068 1994 1236 2037 mora
1251 1974 1575 2058 janitorem

897 2058 1058 2139 Fiet,
1089 2059 1269 2122 abito.

554 2141 734 2207 Lenit
762 2144 1071 2208 albescens
1101 2144 1325 2207 animos
1346 2143 1599 2228 capillus

467 2227 484 2244 ‘
556 2227 780 2292 Litium
808 2237 873 2292 et
897 2228 1064 2291 rixae
1094 2228 1341 2312 cupidos
1370 2237 1686 2313 protervae
1709 2246 1730 2305 ς

555 2312 619 2378 N
619 2335 698 2379 on
726 2335 840 2399 ego
867 2311 982 2378 hoc
1011 2313 1232 2377 ferrem
1283 2314 1513 2378 calidus
1531 2315 1791 2400 juventa

896 2397 1152 2464 Consule
1182 2397 1429 2465 Planco.

891 2823 1359 2890 GARMEN
1414 2824 1590 2892 XV.

535 3184 546 3192 '
639 3163 838 3230 UXOR
866 3164 1144 3250 pauperis
1173 3165 1372 3251 Ibyci,

559 3251 828 3315 Tandem
856 3251 1159 3334 nequitiae
1190 3253 1309 3334 fige
1340 3251 1582 3315 modum
1609 3257 1752 3316 tuae

640 3337 694 3400 F
695 3337 1027 3419 amosisque
1056 3337 1398 3420 laboribus:

557 3421 802 3486 Maturo
832 3421 1070 3504 propior
1084 3422 1302 3484 'desine
1333 3420 1531 3484 funeri

641 3507 816 3570 Inter
843 3507 1054 3569 ludere
1083 3507 1347 3589 virgines

559 3591 644 3656 Et
672 3592 858 3654 stellis
889 3592 1167 3655 nebulam
1197 3611 1481 3675 spargere
1512 3589 1802 3654 candidis-

640 3675 783 3739 Non
835 3677 886 3740 si
914 3676 1060 3759 quid
1088 3676 1360 3739 Pholoe'n
1389 3676 1534 3741 satis

558 3759 645 3824 Et
671 3767 757 3842 te,
789 3761 1014 3843 Chlori,
1045 3761 1265 3826 decet:
1310 3760 1434 3824 filia
1462 3761 1685 3825 rectius

2221 893 2284 942 10

2223 1311 2283 1360 ὦ
