2675 4409
999 229 1130 275 ΗΒ.
1177 228 1254 275 11.
1303 227 1501 273 cARM.
1550 228 1674 275 VII.

631 386 821 451 Tibur
871 383 1083 466 Argeo
1110 380 1369 465 positum
1392 382 1597 447 colono

634 473 731 537 Sit
759 491 929 533 meae
960 468 1136 532 sedes
1165 468 1395 529 utinam
1423 472 1730 546 senectae,

635 558 732 625 Sit
760 556 970 620 modus
1000 555 1159 616 lasso
1186 554 1367 615 maris
1398 560 1462 615 et
1488 552 1721 615 viarum

975 639 1390 720 Militiaeque.
1375 637 1388 682 l

633 727 820 793 Unde
852 724 902 789 si
931 724 1166 788 Parcae
1197 721 1557 805 prohibent
1541 722 1807 806 iniquae,

629 814 828 877 Dulce
855 811 1075 895 pellitis
1098 810 1305 871 ovibus
1338 808 1581 872 Galaesi

631 900 887 963 Flumen
918 902 981 959 et
1011 902 1266 977 regnata
1293 903 1497 976 petam
1526 892 1751 956 Laconi

976 980 1149 1043 Rura
1180 980 1536 1044 Phalantho,

633 1069 750 1133 Ille
781 1076 1076 1131 terrarum
1108 1065 1252 1127 mihi
1283 1074 1525 1147 praeter
1551 1085 1757 1130 omnes

632 1154 915 1235 Angulus
946 1152 1105 1214 ridet
1155 1150 1256 1213 ubi
1286 1172 1403 1213 non
1426 1150 1721 1235 Hymetto

636 1240 826 1304 Mella
853 1237 1157 1301 decedunt
1208 1235 1503 1317 viridique
1535 1241 1731 1299 certat

973 1321 1144 1385 Baca
1175 1320 1499 1396 Venafro,
1481 1339 1496 1353 ·

634 1408 769 1475 Ver
796 1406 898 1471 ubi
924 1407 1170 1490 longum
1198 1404 1554 1488 tepidasque
1582 1404 1837 1488 praebet

632 1495 680 1559 J
681 1492 920 1578 uppiter
950 1491 1222 1590 brumae,
1251 1496 1316 1555 et
1347 1491 1577 1553 amicus
1607 1490 1817 1555 Aulon

631 1580 845 1644 Fertili
870 1578 1117 1641 Baccho
1145 1577 1453 1639 minimum
1479 1576 1753 1641 Falernis

971 1662 1220 1727 Invidet
1246 1661 1401 1725 uvis.

630 1750 748 1814 Ille
776 1755 839 1812 te
866 1770 1104 1812 mecum
1129 1749 1295 1811 locus
1327 1753 1391 1809 et
1418 1748 1631 1810 beatae

627 1836 949 1900 Postulant
976 1853 1190 1897 arces:
1234 1832 1317 1895 ibi
1347 1840 1415 1895 tu
1445 1833 1741 1895 calentem

626 1922 852 1987 Debita
879 1940 1128 2017 sparges
1156 1917 1405 1981 lacrima
1431 1918 1695 1981 favillam

969 2004 1147 2071 Vatis
1179 2003 1377 2067 amici.

691 2492 764 2547 {r
973 2423 1429 2490 GARMEN
1487 2422 1693 2491 VII.

1164 2632 1451 2777 ffsluauzt

633 2770 686 2837 Ο
719 2738 919 2834 ΒΚΕΡῈ·
946 2749 1180 2832 m'ecum
1211 2746 1450 2851 tempus
1478 2790 1541 2830 m
1561 2734 1847 2828 ultimum

627 2856 908 2922 Deducte
961 2851 1156 2917 Bruto
1190 2854 1432 2917 militiae
1464 2854 1641 2931 duce,

714 2939 860 3016 Quis
891 2946 952 3001 te
983 2938 1296 3002 redonavit
1327 2938 1621 3011 Quiritem

794 3025 908 3088 Dis
939 3025 1144 3107 patriis
1176 3025 1453 3108 Italoque
1482 3024 1670 3102 caeIO,

629 3110 879 3193 Pompei
929 3131 1197 3173 meorum
1228 3109 1417 3193 prime
1446 3108 1759 3182 sodalium,

630 3195 784 3261 Cum
813 3217 931 3278 quo
959 3203 1290 3258 morantem
1321 3216 1501 3277 saepe
1533 3195 1692 3257 diem
1722 3214 1888 3259 mero

713 3281 900 3363 Fregi
929 3288 1244 3343 coronatus
1274 3281 1537 3342 nitentes

796 3364 1174 3428 Malobathro
1207 3363 1296 3448 Sy
1297 3365 1385 3426 rio
1415 3362 1707 3448 capillos?

629 3450 857 3515 'rec-um
888 3450 1195 3533 Philippos
1225 3456 1289 3512 ct
1317 3451 1576 3513 celerem
1604 3451 1814 3534 fugam

629 3534 807 3601 Sensi
856 3536 1070 3598 relicta
1097 3557 1216 3597 non
1245 3534 1401 3598 bene
1431 3537 1725 3634 parmula,

709 3621 865 3684 Cum
908 3620 1106 3683 fracta
1165 3620 1357 3683 virtus
1387 3627 1451 3683 et
1474 3622 1743 3685 minaces

795 3705 999 3789 Turpe
1029 3706 1218 3767 solum
1249 3706 1503 3789 tetigere
1533 3713 1755 3769 mento.

1055 3788 1098 3852 4

2290 212 2372 277 37

2314 830 2372 880 1⁰

2310 1254 2372 1302 15

2307 3561 2371 3610 10
