2675 4409
366 255 487 320 116
1145 274 1398 322 nronou
1443 275 1655 321 unna.

494 404 503 412 ι
626 429 732 494 Ad
759 450 879 492 non
906 427 1125 493 amicos
1168 427 1295 492 heu
1360 427 1504 491 mihi
1533 433 1732 512 postes
1786 432 1850 489 et
1875 427 1995 490 heu

710 514 946 577 Limina
974 515 1147 593 dura,
1177 514 1394 598 quibus
1421 515 1653 576 lumbos
1681 519 1744 575 et
1770 513 1990 596 infregi
2016 514 2199 577 latus,

627 599 811 664 Nunc
865 599 1171 682 gloriantis
1201 600 1529 683 quamlibet
1556 599 1966 662 mulierculam

713 684 975 749 Vincere
1004 686 1248 748 mollitie
1302 705 1470 748 amor
1499 683 1738 767 Lycisci
1766 705 1862 746 me
1892 689 2084 768 tenet,

567 842 573 848 .
627 769 811 833 Unde
841 770 1122 853 expedire
1153 792 1271 834 non
1302 770 1625 833 amicorum
1655 776 1882 851 queant
1989 773 1992 779 '

713 855 935 919 Libera
962 855 1203 918 consilia
1231 876 1346 918 nec
1371 855 1765 917 contumeliae
1798 875 2042 938 graveS,

630 939 756 1006 Sed
785 941 935 1004 alius
964 942 1143 1004 ardor
1172 947 1279 1003 aut
1306 941 1542 1024 puellae
1567 939 1858 1002 candidae

713 1026 849 1090 Aut
876 1027 1082 1090 teretis
1110 1025 1284 1111 pueri
1309 1027 1551 1110 longam
1578 1024 1922 1088 renodantis
1953 1043 2202 1088 comam.

1042 1450 1500 1518 CARMEN
1562 1450 1770 1517 XII.

540 1790 712 1868 QUID
741 1789 849 1854 tibi
876 1789 989 1870 vis,
1018 1790 1233 1854 mulier
1258 1789 1448 1874 nigris
1477 1791 1824 1875 dignissima
1847 1788 2090 1856 barris?

626 1876 886 1940 Munera
908 1875 1054 1960 quid
1076 1874 1465 1960 mihi‚quidve
1496 1879 1746 1942 tabellas
1803 1933 1808 1936 .

537 1961 736 2026 Mittis
786 1983 899 2024 nec
928 1963 1097 2025 firmo
1116 1963 1329 2047 juveni
1357 1985 1554 2047 neque
1583 1965 1746 2027 naris
1774 1960 2039 2028 obesae?

625 2045 906 2130 Namque
936 2049 1209 2130 sagacius
1236 2070 1393 2112 unus
1422 2049 1656 2128 odoror,

539 2130 651 2196 Pol
737 2153 807 2195 us
858 2153 937 2196 an
966 2133 1165 2216 gravis
1194 2134 1438 2198 hirsutis
1468 2134 1646 2198 cubet
1675 2134 1876 2198 hircus
1904 2132 1969 2196 in
1998 2130 2130 2214 alis,

626 2155 821 2292 &tiam
843 2219 1007 2282 canis
1036 2241 1178 2284 acer
1227 2220 1329 2282 ubi
1348 2221 1537 2284 lateat
1568 2241 1690 2283 sus.
2149 2291 2154 2298 ,

541 2301 659 2377 Qui
688 2304 869 2367 sudor
896 2305 1069 2368 vietis
1099 2313 1162 2369 et
1188 2327 1370 2390 quam
1391 2306 1580 2369 malus
1609 2305 1874 2390 undique
1901 2301 2184 2369 membris

626 2387 860 2453 Crescit
886 2389 1053 2470 odor,
1094 2411 1233 2454 cum
1278 2413 1437 2474 pene
1479 2393 1671 2453 soluto

534 2471 896 2538 Indomitam
924 2484 1206 2559 properat
1233 2476 1458 2539 rabiem
1488 2476 1701 2540 sedare
1728 2493 1746 2551 ;
1787 2495 1984 2558 neque
2012 2473 2102 2538 illi

621 2559 666 2622 J
668 2581 765 2623 am
792 2569 994 2624 manet
1021 2560 1265 2624 humida
1292 2569 1461 2626 creta
1513 2562 1789 2644 colorque

540 2641 820 2710 Stercore
850 2647 1089 2711 fucatus
1119 2648 1420 2726 crocodili,
1441 2648 1689 2732 jamque
1720 2644 1988 2726 subando

624 2730 819 2795 'Penta
847 2733 1065 2798 cubilia
1095 2741 1378 2818 tectaque
1409 2731 1668 2817 rumpit!

537 2815 661 2882 Vel
688 2839 825 2881 mea
875 2839 1015 2883 cum
1058 2821 1256 2882 saevis
1290 2819 1483 2903 agitat
1510 2818 1751 2882 fastidia
1778 2815 2013 2882 verbis:

620 2902 873 2966 Inachia
898 2905 1148 2987 langues
1178 2905 1372 2968 minus
1402 2926 1472 2968 ac
1498 2926 1593 2967 me
1621 2924 1638 2980 ;

535 2987 845 3052 Inachiam
876 2996 970 3052 ter
996 2997 1171 3054 nocte
1203 2996 1396 3073 potes,
1459 2990 1601 3052 mihi
1631 3007 1868 3070 semper
1896 2985 1976 3050 ad
2003 3005 2189 3049 unum

622 3071 822 3136 Mollis
852 3093 1019 3156 opus.
1108 3074 1333 3137 Pereat
1362 3075 1514 3136 male
1568 3094 1722 3156 quae
1754 3081 1815 3134 te

535 3157 756 3222 Lesbia
809 3159 1122 3240 quaerenti
1152 3167 1391 3221 taurum
1443 3157 1794 3220 monstravit
1821 3157 2099 3243 inertem,

629 3242 785 3304 Cum
830 3243 974 3304 mihi
1025 3243 1183 3306 Cous
1214 3244 1453 3306 adesset
1481 3243 1802 3326 Amyntas,

538 3326 724 3409 Cujus
752 3327 814 3390 in
843 3327 1126 3391 indomito
1157 3328 1521 3392 constantior
1540 3328 1782 3410 inguine
1811 3345 2033 3390 nervus

628 3411 821 3485 Quam
850 3433 1006 3476 nova
1035 3415 1281 3477 collibus
1310 3415 1486 3476 arbor
1513 3413 1806 3476 inhaeret.

538 3497 871 3562 Muricibus
901 3500 1099 3583 Tyriis
1127 3499 1380 3562 iteratae
1411 3500 1634 3562 vellera
1662 3500 1836 3561 lanae

630 3583 743 3648 Oui
772 3583 1295 3670 properabantur?
1385 3585 1782 3668 Tibinempe,

539 3670 640 3735 Ne
671 3672 827 3734 foret
855 3672 1136 3755 aequales
1164 3671 1323 3734 inter
1353 3670 1623 3750 conviva,
1653 3668 1841 3754 magis
1871 3686 2052 3752 quem

623 3756 922 3840 Diligeret
949 3758 1162 3820 mulier
1190 3779 1301 3821 sua
1330 3777 1511 3843 quam
1538 3763 1622 3820 te.

2379 2580 2441 2629 10

2377 3008 2440 3056 15
