2675 4409
273 1937 356 1996 X>

423 278 550 345 126
943 344 976 366 ·.
1011 356 1022 367 ᾖ
1129 304 1141 330 ,ν
1165 263 1645 410 {wentanum

389 503 392 508 .
425 447 588 523 Quid
616 395 804 510 iacias
824 443 957 508 illi?
1043 442 1278 508 ‘Jubeas
1306 443 1592 506 miserum
1620 461 1753 506 esse
1780 437 2043 504 libenter

424 536 738 610 Quatenus
768 532 829 595 id
860 531 1040 608 facit3
1083 537 1154 592 ut
1183 529 1427 617 quidam
1456 535 1822 590 memoratur
1849 522 2115 589 Athenis

427 620 720 686 Sordidus
751 639 824 682 ac
855 619 1047 695 dives,
1075 617 1280 700 populi
1309 623 1691 678 contemnere
1724 633 1903 677 voces

427 707 532 772 Sic
557 707 766 795 solitus
793 727 808 767 ε
857 709 898 740 “
929 703 1196 786 Populus
1225 723 1321 764 me
1353 701 1593 768 sibilat3
1636 707 1705 762 at
1731 699 1877 762 mihi
1906 695 2126 781 plaudo

422 794 566 877 Ipse
599 783 757 854 domi
787 790 897 853 sim
941 790 962 850 l
993 810 1065 851 ac
1093 809 1367 851 nummos
1396 777 1859 869 contemplbr'in
1886 783 2093 848 arca-’.'

425 879 716 944 Tantalus
747 899 784 940 a
809 861 964 966 lapn
999 845 1230 950 fsifiiens
1259 873 1558 955 fugientia
1586 877 1795 955 captat

423 965 706 1030 Flumina
749 1008 766 1025 .
805 1008 822 1024 .
871 1007 887 1024 .
939 1009 954 1024 .
1003 959 1166 1034 Quid
1195 956 1411 1022 rides?
1454 966 1687 1022 mutato
1716 955 1955 1020 nomine
1985 955 2063 1020 de
2094 960 2157 1019 to

424 1051 658 1116 Fabula
685 1055 1004 1112 narratur:
1053 1045 1355 1128 congestis
1382 1044 1651 1128 undique
1682 1043 1877 1108 saccis

423 1137 723 1202 Indormis
751 1135 986 1198 inhians
1015 1139 1080 1195 et
1109 1139 1413 1214 tamquam
1442 1152 1691 1214 parcere
1724 1129 1911 1194 sacris

427 1223 676 1307 Cogeris
707 1229 818 1284 aut
847 1220 1022 1304 pictis
1053 1225 1362 1302 tamquam
1392 1217 1659 1302 gaudere
1687 1215 1953 1295 tabellisg

425 1309 492 1374 N
495 1309 646 1387 escis
677 1330 795 1392 quo
825 1307 1026 1370 valeat
1053 1326 1331 1368 nummus
1356 1304 1389 1370 2
1430 1326 1607 1388 quem
1638 1303 1931 1388 praebeat
1957 1297 2179 1366 usum?

426 1395 613 1460 Panis
643 1402 900 1472 ematur,
930 1394 1083 1470 olna,
1113 1391 1237 1454 vini
1263 1391 1585 1470 sextarius,
1615 1389 1773 1454 adde

427 1481 578 1554 Quis
606 1481 867 1543 humana
896 1479 1008 1542 sibi
1038 1478 1240 1541 doleat
1266 1484 1488 1540 natura
1513 1477 1772 1560 negatis.

426 1568 533 1630 An
563 1566 811 1647 vigilare
837 1572 1010 1628 metu
1039 1563 1399 1642 exanimem,
1429 1571 1759 1647 noctesque
1789 1561 2038 1646 diesque

425 1652 780 1716 Formidare
811 1651 997 1712 malos
1029 1649 1215 1727 sume,
1244 1648 1545 1726 incendia,
1576 1670 1781 1713 servos

426 1737 493 1802 N
495 1760 528 1802 e
560 1745 621 1800 te
653 1737 974 1818 compilent
1000 1734 1326 1816 fugientes,
1357 1735 1471 1798 hoc
1490 1734 1715 1819 juvat?
1803 1735 2041 1798 Horum
2100 1797 2113 1810 ,

431 1822 686 1907 Semper
715 1843 828 1904 ego
857 1821 1110 1904 optarim
1140 1821 1556 1904 pauperrimus
1586 1842 1717 1884 esse
1746 1821 2057 1884 bonorum·
2172 1823 2182 1832 '
2208 1816 2237 1856 ἓν
2265 1836 2279 1846 ·

384 1914 470 1964 ·»“
491 1911 585 1974 At
613 1910 663 1972 si
694 1907 996 1972 condoluit
1027 1915 1326 1992 tentatum
1354 1907 1577 1990 frigore
1608 1929 1848 1991 corpu8‚

426 1997 562 2060 Aut
591 1995 741 2058 alius
772 1995 947 2056 casus
985 1978 1143 2056 leiito
1175 2001 1235 2056 te
1267 1993 1498 2070 adfixit,
1527 1994 1713 2057 habes
1742 1993 1847 2077 qui

426 2081 750 2159 Adsideat,
781 2080 1046 2142 fomenta
1075 2087 1270 2162 paret,
1299 2080 1601 2143 medicum
1630 2088 1805 2163 roget
1830 2085 1903 2142 ut
1930 2084 1993 2142 te
2136 2109 2171 2152 χ

433 2165 700 2230 Suscitet
728 2187 799 2229 ac
831 2166 1030 2248 gnatis
1059 2166 1277 2229 reddat
1307 2167 1502 2249 carisq
1576 2162 2022 2263 qpropinquis?
2170 2153 2185 2170 χ

427 2251 494 2316 N
495 2275 572 2315 on
601 2275 752 2316 uxor
779 2252 1012 2315 ‘salvum
1043 2260 1102 2316 te
1134 2253 1285 2330 vult,
1315 2273 1436 2314 non
1462 2254 1505 2315 fi
1646 2273 1663 2328 ;
1708 2273 1915 2316 omnes

429 2337 631 2402 Vicini
661 2339 943 2418 oderunt,
973 2338 1121 2417 noti,
1152 2338 1324 2422 pueri
1352 2345 1537 2422 atque
1568 2339 1821 2422 puellae.
1842 2359 1865 2415 x,

426 2423 695 2503 Mil-arie,
724 2428 1009 2507 quum'tu
1039 2431 1292 2506 argento
1320 2435 1456 2506 post
1484 2425 1683 2487 omnia
1710 2429 1929 2508 ponas‚·
2184 2461 2212 2529 s

431 2508 499 2575 Si
527 2532 703 2574 nemo
735 2517 1003 2594 praestet
1032 2521 1212 2592 quem
1240 2531 1360 2572 non
1389 2511 1679 2574 merearis
1707 2509 2023 2576 amorem?
2183 2536 2189 2548 ⁴

425 2597 532 2660 An
561 2597 613 2660 si
642 2604 950 2679 cognatoS,
981 2597 1144 2659 nullo
1172 2603 1393 2658 natura
1420 2596 1622 2659 labore

427 2681 592 2756 Quos
623 2683 728 2745 tibi
759 2682 886 2762 dat,
917 2683 1180 2746 retinere
1204 2682 1353 2744 velis
1382 2703 1745 2767 servareque
1778 2683 2037 2764 amicosz

425 2767 646 2832 Infelix
676 2790 919 2852 operam
949 2770 1168 2852 perdas
1193 2767 1220 2832 ‘3
1265 2776 1335 2830 ut
1362 2768 1415 2832 si
1443 2769 1579 2852 quis
1608 2769 1925 2848 asellum,-
2010 2827 2076 2857 M

424 2853 504 2917 In
535 2855 761 2938 Campo
791 2855 1009 2918 doceat
1035 2860 1350 2938 parentem
1376 2876 1627 2918 currere
1658 2855 1860 2918 frenis-
1959 2873 1993 2902 Φ
2030 2855 2067 2928 ’χ
2102 2852 2146 2882 '³'

423 2939 704 3022 Denique
735 2940 812 3002 sit
839 2940 974 3002 finis
1004 2940 1358 3022 quaerendi,
1387 2962 1693 3024 quumque
1721 2941 1944 3006 habeas
1972 2943 2109 3029 plus

423 3023 787 3107 Pauperiem
817 3033 1050 3088 metuas
1079 3026 1274 3088 minus
1303 3033 1369 3088 et
1396 3027 1568 3089 finire
1600 3027 1864 3090 laborem

427 3109 711 3192 Incipia8‚
739 3118 914 3193 parto
945 3112 1105 3193 quod
1135 3112 1380 3189 ambas,
1409 3134 1487 3175 ne
1516 3113 1703 3176 facias
1733 3114 1895 3197 quod

422 3194 769 3260 Ummidius
798 3196 1081 3278 quidam3
1118 3219 1237 3260 non
1267 3198 1449 3280 longa
1478 3208 1571 3262 est
1599 3201 1840 3263 fabula:
1888 3199 2059 3265 dives

423 3279 517 3346 Ut
545 3282 862 3347 metiretur
889 3304 1200 3360 nummos;
1247 3283 1334 3346 ita
1362 3285 1638 3348 sordidus
1670 3294 1739 3348 ut
1768 3307 1833 3350 se

422 3367 567 3434 Non
596 3388 863 3451 unquam
893 3391 1065 3432 servo
1095 3370 1309 3432 melius
1342 3371 1628 3454 vestirem
1674 3373 1947 3456 adusque

425 3453 787 3538 Supremam
819 3463 1076 3539 tempuS,
1108 3479 1184 3520 ne
1215 3477 1279 3520 se
1311 3455 1565 3538 penuria
1587 3458 1789 3520 victus

425 3541 813 3625 opprimeret
842 3543 1167 3604 metuebat.
1257 3542 1350 3604 At
1378 3542 1537 3605 hunc
1568 3543 1786 3606 liberta
1814 3543 2013 3608 securi

420 3627 644 3692 Divisit
671 3626 960 3705 medium,
988 3626 1310 3690 fortissima
1338 3628 1838 3718 Tyndaridarum.

422 3719 464 3751 “
484 3712 646 3788 Quid
674 3713 758 3776 mi
785 3713 972 3794 igitur
999 3713 1218 3775 suades
1244 3711 1272 3775 ¹?
1315 3721 1387 3774 ut
1415 3713 1615 3777 vivam
1643 3715 1975 3779 Maenius?
2021 3722 2129 3782 aut
2154 3717 2243 3784 sio

419 3798 511 3863 Ut
534 3799 957 3864 Nomentanus
981 3797 1008 3862 ‘2
1029 3797 1072 3828 '⁹
1158 3798 1379 3882 Pergis
1408 3801 1741 3884 pugnantia
1768 3823 1975 3882 secum

2454 1489 2535 1539 75

2458 2789 2607 2852 eo,

2398 3643 2525 3716 ,10⁰
