2675 4409
876 259 1008 304 LIB.
1053 259 1159 304 111.
1203 259 1401 305 cARM.
1448 259 1620 308 XVII.

641 409 1036 494 contemptae
1066 407 1343 473 dominus
1371 409 1742 494 splendidior
1768 411 1883 488 rei,

642 495 836 571 Quam
865 496 918 558 si
969 496 1262 580 quidquid
1289 509 1425 558 arat
1452 498 1708 580 impiger
1735 499 1975 583 Apulus

643 580 966 646 Occultare
997 582 1146 644 meis
1176 579 1413 643 dicerer
1437 583 1688 663 horreiS‚

723 666 984 748 Magnas
1009 667 1172 729 inter
1198 685 1343 749 opes
1370 665 1559 749 inops,

642 749 842 815 Purae
873 752 1036 814 rivus
1067 771 1260 834 aquae
1312 751 1581 834 silvaque
1600 753 1885 835 jugerum

639 835 979 900 Paucorum
1029 844 1094 899 et
1120 836 1345 918 segetis
1374 845 1543 899 certa
1569 836 1720 899 fides
1749 857 1919 907 meae

640 921 1000 1002 Fulgentem
1029 921 1278 1004 imperio
1304 921 1519 984 fertilis
1547 920 1799 985 Africae

727 1005 907 1069 Fallit
936 1014 1096 1070 sorte
1125 1006 1377 1068 beatior.

642 1090 1016 1175 Quamquam
1045 1111 1158 1154 nec
1193 1090 1483 1154 Calabrae
1512 1090 1693 1152 mella
1719 1088 1924 1154 ferunt
1950 1111 2097 1175 apes

641 1175 778 1240 Nec
809 1175 1244 1260 Laestrygonia
1273 1175 1553 1238 Bacchus
1581 1175 1644 1236 in
1674 1176 1961 1256 amphora

640 1261 1009 1344 Languescit
1036 1261 1180 1323 mihi
1230 1281 1345 1322 nec
1375 1259 1620 1342 pinguia
1650 1258 1897 1323 Gallicis

729 1345 1028 1410 Crescunt
1053 1346 1280 1410 vellera
1306 1344 1567 1427 pascuis,

641 1430 995 1514 Importuna
1021 1437 1226 1494 tamen
1253 1429 1569 1513 pauperies
1600 1428 1796 1505 abest,

639 1515 776 1580 Nec
829 1517 880 1580 si
906 1518 1082 1599 plura
1109 1515 1288 1578 velim
1340 1520 1411 1576 tu
1438 1514 1583 1577 dare
1613 1513 1902 1598 deneges.

643 1601 966 1666 Contracta>
993 1601 1206 1664 melius
1233 1619 1423 1683 parva
1450 1599 1731 1684 cupidine

728 1687 1070 1770 Vectigalia
1097 1685 1423 1770 porrigam,

645 1769 840 1844 Quam
867 1773 917 1836 si
945 1771 1294 1856 Mygdoniis
1324 1790 1579 1852 regnum
1605 1767 1884 1853 Alyattei

645 1854 886 1939 Campis
915 1857 1278 1920 continuem.
1366 1854 1567 1918 Multa
1591 1855 1935 1938 petentibus

642 1940 880 2005 Desunt
907 1942 1133 2005 multa:
1179 1942 1332 2004 bene
1365 1947 1459 2004 est
1510 1939 1609 2003 cui
1658 1938 1807 2004 deus
1834 1938 2051 2004 obtulit

730 2024 930 2090 Parca
979 2026 1140 2111 quod
1169 2025 1316 2090 satis
1346 2031 1441 2089 est
1488 2045 1691 2088 manu.

853 2446 1310 2516 CARMEN
1365 2447 1656 2515 XVII.

644 2789 817 2854 ΛΕΜ
868 2795 1104 2853 vetusto
1132 2789 1345 2853 nobilis
1366 2790 1440 2854 ab
1470 2789 1679 2866 Lamo,

633 2873 924 2960 (Quando
939 2884 1004 2938 et
1017 2875 1244 2959 priores
1271 2876 1413 2938 hinc
1442 2873 1683 2938 Lamias
1711 2874 1916 2939 ferunt

728 2960 1156 3024 Denominatos
1208 2967 1272 3023 et
1297 2967 1583 3044 nepotum

819 3045 944 3107 Per
970 3065 1260 3108 memores
1289 3066 1481 3127 genus
1514 3065 1687 3107 omne
1715 3044 1923 3132 fastos,

645 3127 914 3192 Auctore
944 3130 1020 3192 ab
1047 3130 1149 3192 illo
1181 3130 1351 3194 ducit
1382 3129 1671 3212 originem

652 3212 769 3287 Qui
799 3215 1170 3277 Formiarum
1197 3215 1432 3278 moenia
1461 3215 1683 3278 dicitur

731 3299 1022 3382 Princeps
1051 3305 1114 3362 et
1141 3299 1449 3362 innantem
1478 3299 1748 3364 Maricae

817 3383 1118 3447 Litoribus
1147 3386 1409 3448 tenuisse
1439 3384 1626 3448 Lirim

651 3465 803 3531 Late
832 3471 1164 3552 tyrannus)
1200 3492 1336 3534 cras
1365 3470 1521 3544 foliis
1548 3489 1764 3533 nemus

651 3550 862 3617 Multis
893 3562 958 3617 et
983 3555 1124 3636 alga
1150 3555 1294 3618 litus
1326 3555 1521 3618 inutili

737 3638 1015 3704 Demissa
1045 3646 1369 3724 tempestas
1398 3641 1471 3702 ab
1504 3640 1669 3703 Euro

829 3722 1096 3804 Sternet,
1125 3746 1318 3809 aquae
1349 3726 1463 3790 nisi
1489 3726 1643 3789 fallit
1671 3745 1868 3806 augur

2200 247 2284 311 69

2225 1705 2293 1756 ⁴0

2238 3573 2297 3622 1⁰
