2675 4409
861 309 992 356 LIB.
1037 307 1087 355 1.
1135 307 1332 358 cum.
1380 307 1460 356 11.

457 461 712 544 Labitur
739 460 871 554 ripa
911 461 1075 562 ‘Jove
1103 484 1222 563 non
1261 435 1552 546 probaii‘&
1605 484 1669 526 u·

801 569 1002 610 xonus
1033 569 1242 624 amnis.

455 633 690 738 Audiet
719 633 880 715 ciges
909 634 1140 696 acuisse
1169 634 1399 708 fertum

460 719 594 792 Quo
625 740 842 802 graves
872 719 1098 784 Persae
1127 719 1341 782 melius
1370 717 1673 801 perirent3

455 805 689 868 Audiet
715 826 948 888 pugnas
980 805 1120 867 vitio
1149 811 1471 887 parentum

802 890 968 952 Rara
987 880 1301 974 juventus,

457 973 652 1048 Quem
681 982 858 1038 vocet
906 973 1108 1038 divum
1138 976 1393 1059 populus
1423 973 1653 1037 ruentis

455 1059 679 1144 Imperi
706 1061 885 1123 rebus
910 1059 938 1122 ⁴?
981 1041 1162 1144 prece
1195 1082 1315 1144 qua
1344 1060 1607 1142 fatigent

452 1144 736 1230 Virgines
765 1151 1006 1209 sanctae
1037 1146 1231 1208 minus
1263 1146 1608 1208 audientem

798 1230 1080 1293 Carmina
1107 1229 1413 1294 Vestam?

461 1315 572 1379 Cui
602 1315 768 1378 dabit
797 1323 1003 1398 partes
1033 1317 1229 1404 scelus
1260 1313 1542 1396 expiandi

451 1400 495 1464 J
497 1399 784 1486 uppiter?
831 1399 1099 1462 Tandem
1130 1399 1334 1460 venias
1391 1418 1707 1481 precamur

454 1485 634 1550 Nube
665 1485 995 1550 candentes
1025 1486 1305 1547 humeros
1335 1483 1612 1562 amictuS,

795 1572 1019 1654 Augur
1047 1551 1266 1670 ApQ
1290 1590 1306 1645 ;

459 1654 598 1722 Sive
629 1662 698 1718 tu
725 1657 936 1734 mavis,
969 1655 1236 1740 Erycina
1265 1653 1490 1732 ridens,

456 1741 650 1815 Quam
679 1741 724 1804 J
726 1761 866 1804 ocus
897 1741 1123 1804 circum
1153 1741 1316 1804 volat
1346 1747 1409 1802 et
1441 1737 1719 1824 Cupid03

458 1825 598 1891 Sive
629 1828 971 1910 neglectum
1004 1848 1194 1909 genus
1223 1831 1288 1889 et
1313 1831 1565 1920 nepotes

796 1913 1069 1996 Respicis
1124 1919 1357 1990 auctor,

452 1996 599 2086 Heu
627 1997 800 2082 nimis
822 1999 1000 2080 longo
1029 1999 1244 2061 satiate
1272 1996 1439 2075 ludo,
1484 2069 1493 2078 .
1519 2026 1544 2053 ς

455 2082 650 2156 Quem
668 2083 846 2166 juvat
875 2085 1099 2147 clamor
1127 2085 1458 2166 galeaeque
1486 2079 1653 2146 leves

453 2168 623 2231 Acer
650 2177 712 2232 et
741 2168 946 2232 Mauri
975 2169 1190 2251 peditis
1222 2155 1540 2232 ci'uentum
1654 2151 1753 2226 Ν·
1780 2147 1796 2204 Ῑ
1819 2147 1899 2198 ’··“·

794 2237 1021 2316 Voltus
1050 2255 1112 2316 in
1137 2255 1408 2330 hostem3

452 2335 590 2401 Sive
620 2343 856 2401 mutata
874 2339 1160 2422 juvenem
1187 2342 1385 2423 figura

450 2424 602 2486 Ales
652 2425 714 2486 in
743 2425 921 2488 terris
952 2425 1221 2504 imitaris,
1253 2414 1447 2488 alinae

341 2507 639 2614 WFilius
666 2509 889 2589 Maiae,
919 2511 1154 2594 patiens
1183 2511 1388 2574 vocari

766 2594 1069 2660 'Caesaris
1099 2597 1297 2660 ultor:

454 2678 640 2770 Serus
668 2680 730 2743 in
757 2682 990 2744 caelum
1019 2682 1234 2745 redeas
1288 2682 1511 2763 diuque

449 2765 674 2848 Laetus
703 2766 939 2830 intersis
968 2768 1184 2850 populo
1217 2765 1452 2839 Quirini
1477 2787 1495 2846 ;

449 2849 624 2918 Neve
655 2858 716 2915 te
747 2853 961 2918 nostris
993 2854 1150 2916 vitiis
1179 2853 1452 2935 iniquum

785 2936 968 3002 Ocior
997 2959 1147 3001 aura

449 3020 673 3086 Tollat:
746 3021 846 3086 hic
902 3044 1152 3106 magnos
1179 3022 1379 3106 potius
1408 3017 1760 3103 triumphos,

448 3105 570 3170 Hic
602 3128 764 3171 ames
793 3109 912 3171 dici
941 3121 1117 3191 pater
1144 3115 1326 3192 atque
1361 3108 1663 3191 princeps,
1682 3137 1719 3190 η
1737 3130 1772 3174 «ς
1794 3127 1837 3157 2⁹

445 3191 590 3256 Neu
617 3194 776 3260 sinas
806 3193 1022 3257 Medos
1053 3195 1332 3277 equitare
1356 3192 1575 3255 inultos

788 3279 876 3344 Te
907 3279 1085 3361 duce,
1117 3281 1471 3390 Caesar..)

1105 3415 1192 3498 χ

1129 3690 1184 3748 ὗ

2127 2271 2192 2320 40

2125 2695 2191 2745 45
