<?xml version="1.0" encoding="UTF-8"?>
<!DOCTYPE html PUBLIC "-//W3C//DTD XHTML 1.0 Transitional//EN"
    "http://www.w3.org/TR/xhtml1/DTD/xhtml1-transitional.dtd">
<html xmlns="http://www.w3.org/1999/xhtml" xml:lang="en" lang="en">
 <head>
  <title>
</title>
<meta http-equiv="Content-Type" content="text/html;charset=utf-8" />
  <meta name='ocr-system' content='tesseract 3.04.00' />
  <meta name='ocr-capabilities' content='ocr_page ocr_carea ocr_par ocr_line ocrx_word'/>
</head>
<body>
  <div class='ocr_page' id='page_1' title='image "./workshorace01chasgoog_0135.png"; bbox 0 0 2675 4409; ppageno 0'>
   <div class='ocr_carea' id='block_1_1' title="bbox 375 243 502 308">
    <p class='ocr_par' dir='ltr' id='par_1_1' title="bbox 375 243 502 308">
     <span class='ocr_line' id='line_1_1' title="bbox 375 243 502 308; baseline -0.008 0"><span class='ocrx_word' id='word_1_1' title='bbox 375 243 502 308; x_wconf 81' lang='lat'><strong>120</strong></span> 
     </span>
    </p>
   </div>
   <div class='ocr_carea' id='block_1_2' title="bbox 1157 257 1666 306">
    <p class='ocr_par' dir='ltr' id='par_1_2' title="bbox 1157 257 1666 306">
     <span class='ocr_line' id='line_1_2' title="bbox 1157 257 1666 306; baseline -0.006 0"><span class='ocrx_word' id='word_1_2' title='bbox 1157 258 1410 306; x_wconf 80' lang='lat' dir='ltr'><strong>EPODON</strong></span> <span class='ocrx_word' id='word_1_3' title='bbox 1453 257 1666 304; x_wconf 74' lang='lat' dir='ltr'><strong>LIBER..</strong></span> 
     </span>
    </p>
   </div>
   <div class='ocr_carea' id='block_1_3' title="bbox 523 413 2197 3663">
    <p class='ocr_par' dir='ltr' id='par_1_3' title="bbox 538 413 1954 588">
     <span class='ocr_line' id='line_1_3' title="bbox 538 413 1954 504; baseline 0.004 -26"><span class='ocrx_word' id='word_1_4' title='bbox 538 413 614 478; x_wconf 90' lang='lat' dir='ltr'><strong>In</strong></span> <span class='ocrx_word' id='word_1_5' title='bbox 644 435 809 479; x_wconf 89' lang='lat' dir='ltr'><strong>mare</strong></span> <span class='ocrx_word' id='word_1_6' title='bbox 842 437 953 482; x_wconf 90' lang='lat' dir='ltr'><strong>seu</strong></span> <span class='ocrx_word' id='word_1_7' title='bbox 983 419 1175 482; x_wconf 84' lang='lat' dir='ltr'><strong>celsus</strong></span> <span class='ocrx_word' id='word_1_8' title='bbox 1192 417 1552 504; x_wconf 86' lang='lat' dir='ltr'><strong>procurrerit</strong></span> <span class='ocrx_word' id='word_1_9' title='bbox 1571 419 1954 502; x_wconf 79' lang='lat' dir='ltr'><strong>ApenninuS,</strong></span> 
     </span>
     <span class='ocr_line' id='line_1_4' title="bbox 620 501 1772 588; baseline 0.005 -25"><span class='ocrx_word' id='word_1_10' title='bbox 620 501 686 563; x_wconf 91' lang='lat' dir='ltr'>N</span> <span class='ocrx_word' id='word_1_11' title='bbox 686 523 917 585; x_wconf 89' lang='lat' dir='ltr'><strong>ovaque</strong></span> <span class='ocrx_word' id='word_1_12' title='bbox 946 510 1213 568; x_wconf 81' lang='lat' dir='ltr'><strong>monstra</strong></span> <span class='ocrx_word' id='word_1_13' title='bbox 1231 505 1504 588; x_wconf 84' lang='lat' dir='ltr'><strong>junxerit</strong></span> <span class='ocrx_word' id='word_1_14' title='bbox 1529 505 1772 569; x_wconf 83' lang='lat' dir='ltr'><strong>libidine</strong></span> 
     </span>
    </p>

    <p class='ocr_par' dir='ltr' id='par_1_4' title="bbox 532 584 2036 754">
     <span class='ocr_line' id='line_1_5' title="bbox 532 584 2036 674; baseline 0.005 -25"><span class='ocrx_word' id='word_1_15' title='bbox 532 584 729 650; x_wconf 87' lang='lat' dir='ltr'><strong>Mirus</strong></span> <span class='ocrx_word' id='word_1_16' title='bbox 752 608 939 668; x_wconf 87' lang='lat' dir='ltr'><strong>amor,</strong></span> <span class='ocrx_word' id='word_1_17' title='bbox 958 589 1139 674; x_wconf 86' lang='lat' dir='ltr'><strong>juvet</strong></span> <span class='ocrx_word' id='word_1_18' title='bbox 1164 597 1234 651; x_wconf 92' lang='lat' dir='ltr'><strong>ut</strong></span> <span class='ocrx_word' id='word_1_19' title='bbox 1262 589 1448 672; x_wconf 78' lang='lat' dir='ltr'><strong>tigres</strong></span> <span class='ocrx_word' id='word_1_20' title='bbox 1477 591 1788 655; x_wconf 81' lang='lat' dir='ltr'><strong>subsidere</strong></span> <span class='ocrx_word' id='word_1_21' title='bbox 1820 591 2036 672; x_wconf 75' lang='lat' dir='ltr'><strong>cerviS,</strong></span> 
     </span>
     <span class='ocr_line' id='line_1_6' title="bbox 618 671 1642 754; baseline 0.005 -21"><span class='ocrx_word' id='word_1_22' title='bbox 618 671 1021 738; x_wconf 87' lang='lat' dir='ltr'><strong>Adulteretur</strong></span> <span class='ocrx_word' id='word_1_23' title='bbox 1049 683 1112 738; x_wconf 90' lang='lat' dir='ltr'><strong>et</strong></span> <span class='ocrx_word' id='word_1_24' title='bbox 1140 676 1414 738; x_wconf 87' lang='lat' dir='ltr'><strong>columba</strong></span> <span class='ocrx_word' id='word_1_25' title='bbox 1439 676 1642 754; x_wconf 90' lang='lat' dir='ltr'><strong>milu0,</strong></span> 
     </span>
    </p>

    <p class='ocr_par' dir='ltr' id='par_1_5' title="bbox 537 755 1980 929">
     <span class='ocr_line' id='line_1_7' title="bbox 537 755 1980 844; baseline 0.004 -24"><span class='ocrx_word' id='word_1_26' title='bbox 537 755 801 822; x_wconf 80' lang='lat' dir='ltr'>Credula</span> <span class='ocrx_word' id='word_1_27' title='bbox 830 783 941 824; x_wconf 87' lang='lat' dir='ltr'><strong>nec</strong></span> <span class='ocrx_word' id='word_1_28' title='bbox 972 783 1145 824; x_wconf 84' lang='lat' dir='ltr'><strong>ravos</strong></span> <span class='ocrx_word' id='word_1_29' title='bbox 1176 761 1426 824; x_wconf 90' lang='lat' dir='ltr'><strong>timeant</strong></span> <span class='ocrx_word' id='word_1_30' title='bbox 1456 767 1728 824; x_wconf 87' lang='lat' dir='ltr'><strong>armenta</strong></span> <span class='ocrx_word' id='word_1_31' title='bbox 1755 762 1980 844; x_wconf 62' lang='lat' dir='ltr'><strong>leones»,</strong></span> 
     </span>
     <span class='ocr_line' id='line_1_8' title="bbox 614 843 1866 929; baseline 0.005 -25"><span class='ocrx_word' id='word_1_32' title='bbox 614 843 919 928; x_wconf 90' lang='lat' dir='ltr'><strong>Ametque</strong></span> <span class='ocrx_word' id='word_1_33' title='bbox 957 847 1118 910; x_wconf 86' lang='lat' dir='ltr'><strong>salsa</strong></span> <span class='ocrx_word' id='word_1_34' title='bbox 1160 847 1311 908; x_wconf 87' lang='lat' dir='ltr'><strong>levis</strong></span> <span class='ocrx_word' id='word_1_35' title='bbox 1351 847 1552 908; x_wconf 86' lang='lat' dir='ltr'><strong>hircus</strong></span> <span class='ocrx_word' id='word_1_36' title='bbox 1586 867 1866 929; x_wconf 90' lang='lat' dir='ltr'><strong>aequora.</strong></span> 
     </span>
    </p>

    <p class='ocr_par' dir='ltr' id='par_1_6' title="bbox 529 927 2197 1096">
     <span class='ocr_line' id='line_1_9' title="bbox 529 927 2197 1020; baseline 0.005 -29"><span class='ocrx_word' id='word_1_37' title='bbox 529 927 707 1020; x_wconf 83' lang='lat' dir='ltr'><strong>Haec</strong></span> <span class='ocrx_word' id='word_1_38' title='bbox 740 940 825 994; x_wconf 90' lang='lat' dir='ltr'><strong>·et</strong></span> <span class='ocrx_word' id='word_1_39' title='bbox 853 953 1007 1014; x_wconf 88' lang='lat' dir='ltr'><strong>quae</strong></span> <span class='ocrx_word' id='word_1_40' title='bbox 1040 938 1322 1016; x_wconf 90' lang='lat' dir='ltr'><strong>poterunt</strong></span> <span class='ocrx_word' id='word_1_41' title='bbox 1351 932 1578 994; x_wconf 84' lang='lat' dir='ltr'><strong>reditus</strong></span> <span class='ocrx_word' id='word_1_42' title='bbox 1609 933 1959 998; x_wconf 83' lang='lat' dir='ltr'><strong>abscindere</strong></span> <span class='ocrx_word' id='word_1_43' title='bbox 1990 934 2197 1000; x_wconf 79' lang='lat' dir='ltr'><strong>dulces</strong></span> 
     </span>
     <span class='ocr_line' id='line_1_10' title="bbox 614 1014 1666 1096; baseline -0.002 -14"><span class='ocrx_word' id='word_1_44' title='bbox 614 1014 839 1082; x_wconf 82' lang='lat' dir='ltr'><strong>Eamus</strong></span> <span class='ocrx_word' id='word_1_45' title='bbox 868 1019 1054 1080; x_wconf 88' lang='lat' dir='ltr'><strong>omnis</strong></span> <span class='ocrx_word' id='word_1_46' title='bbox 1086 1025 1398 1080; x_wconf 86' lang='lat' dir='ltr'><strong>exsecrata</strong></span> <span class='ocrx_word' id='word_1_47' title='bbox 1433 1019 1666 1096; x_wconf 76' lang='lat' dir='ltr'><strong>civitaS,</strong></span> 
     </span>
    </p>

    <p class='ocr_par' dir='ltr' id='par_1_7' title="bbox 530 1099 2167 1272">
     <span class='ocr_line' id='line_1_11' title="bbox 530 1099 2167 1190; baseline 0.004 -27"><span class='ocrx_word' id='word_1_48' title='bbox 530 1099 665 1163; x_wconf 89' lang='lat' dir='ltr'><strong>Aut</strong></span> <span class='ocrx_word' id='word_1_49' title='bbox 692 1124 831 1186; x_wconf 89' lang='lat' dir='ltr'><strong>pars</strong></span> <span class='ocrx_word' id='word_1_50' title='bbox 860 1103 1101 1166; x_wconf 89' lang='lat' dir='ltr'><strong>indocili</strong></span> <span class='ocrx_word' id='word_1_51' title='bbox 1128 1103 1338 1166; x_wconf 90' lang='lat' dir='ltr'><strong>melior</strong></span> <span class='ocrx_word' id='word_1_52' title='bbox 1365 1124 1552 1186; x_wconf 84' lang='lat' dir='ltr'><strong>grege</strong></span> <span class='ocrx_word' id='word_1_53' title='bbox 1577 1123 1595 1180; x_wconf 84' lang='lat'><em>3</em></span> <span class='ocrx_word' id='word_1_54' title='bbox 1640 1104 1831 1168; x_wconf 90' lang='lat' dir='ltr'><strong>mollis</strong></span> <span class='ocrx_word' id='word_1_55' title='bbox 1862 1111 1925 1168; x_wconf 90' lang='lat' dir='ltr'><strong>et</strong></span> <span class='ocrx_word' id='word_1_56' title='bbox 1954 1126 2167 1190; x_wconf 85' lang='lat' dir='ltr'><strong>exspes</strong></span> 
     </span>
     <span class='ocr_line' id='line_1_12' title="bbox 616 1185 1573 1272; baseline 0.004 -24"><span class='ocrx_word' id='word_1_57' title='bbox 616 1185 952 1251; x_wconf 90' lang='lat' dir='ltr'><strong>Inominata</strong></span> <span class='ocrx_word' id='word_1_58' title='bbox 980 1189 1308 1272; x_wconf 88' lang='lat' dir='ltr'><strong>perprimat</strong></span> <span class='ocrx_word' id='word_1_59' title='bbox 1337 1189 1573 1264; x_wconf 85' lang='lat' dir='ltr'><strong>cubilia,</strong></span> 
     </span>
    </p>

    <p class='ocr_par' dir='ltr' id='par_1_8' title="bbox 530 1270 2156 1444">
     <span class='ocr_line' id='line_1_13' title="bbox 530 1270 2156 1357; baseline 0.002 -21"><span class='ocrx_word' id='word_1_60' title='bbox 530 1270 661 1336; x_wconf 90' lang='lat' dir='ltr'><strong>Vos</strong></span> <span class='ocrx_word' id='word_1_61' title='bbox 713 1275 928 1357; x_wconf 86' lang='lat' dir='ltr'><strong>quibus</strong></span> <span class='ocrx_word' id='word_1_62' title='bbox 959 1282 1053 1338; x_wconf 86' lang='lat' dir='ltr'><strong>est</strong></span> <span class='ocrx_word' id='word_1_63' title='bbox 1082 1275 1271 1338; x_wconf 87' lang='lat' dir='ltr'><strong>virtus</strong></span> <span class='ocrx_word' id='word_1_64' title='bbox 1322 1275 1673 1336; x_wconf 88' lang='lat' dir='ltr'><strong>muliebrem</strong></span> <span class='ocrx_word' id='word_1_65' title='bbox 1702 1275 1890 1338; x_wconf 89' lang='lat' dir='ltr'><strong>tollite</strong></span> <span class='ocrx_word' id='word_1_66' title='bbox 1925 1275 2156 1340; x_wconf 82' lang='lat' dir='ltr'><strong>luctum</strong></span> 
     </span>
     <span class='ocr_line' id='line_1_14' title="bbox 616 1357 1688 1444; baseline 0.004 -24"><span class='ocrx_word' id='word_1_67' title='bbox 616 1357 876 1423; x_wconf 88' lang='lat' dir='ltr'><strong>Etrusca</strong></span> <span class='ocrx_word' id='word_1_68' title='bbox 903 1367 1145 1444; x_wconf 85' lang='lat' dir='ltr'><strong>praeter</strong></span> <span class='ocrx_word' id='word_1_69' title='bbox 1175 1368 1239 1424; x_wconf 92' lang='lat' dir='ltr'><strong>et</strong></span> <span class='ocrx_word' id='word_1_70' title='bbox 1266 1361 1460 1423; x_wconf 86' lang='lat' dir='ltr'><strong>volate</strong></span> <span class='ocrx_word' id='word_1_71' title='bbox 1491 1361 1688 1424; x_wconf 87' lang='lat' dir='ltr'><strong>litora.</strong></span> 
     </span>
    </p>

    <p class='ocr_par' dir='ltr' id='par_1_9' title="bbox 530 1441 2120 1610">
     <span class='ocr_line' id='line_1_15' title="bbox 530 1441 2120 1528; baseline 0.004 -22"><span class='ocrx_word' id='word_1_72' title='bbox 530 1441 663 1506; x_wconf 85' lang='lat' dir='ltr'><strong>Nos</strong></span> <span class='ocrx_word' id='word_1_73' title='bbox 692 1451 896 1508; x_wconf 90' lang='lat' dir='ltr'><strong>manet</strong></span> <span class='ocrx_word' id='word_1_74' title='bbox 928 1445 1207 1518; x_wconf 84' lang='lat' dir='ltr'><strong>Oceanus</strong></span> <span class='ocrx_word' id='word_1_75' title='bbox 1238 1446 1694 1528; x_wconf 89' lang='lat' dir='ltr'><strong>circumvagus:</strong></span> <span class='ocrx_word' id='word_1_76' title='bbox 1743 1466 1909 1528; x_wconf 85' lang='lat' dir='ltr'><strong>arva,</strong></span> <span class='ocrx_word' id='word_1_77' title='bbox 1937 1446 2120 1513; x_wconf 76' lang='lat' dir='ltr'><strong>beata</strong></span> 
     </span>
     <span class='ocr_line' id='line_1_16' title="bbox 616 1530 1714 1610; baseline 0.002 -18"><span class='ocrx_word' id='word_1_78' title='bbox 616 1530 903 1593; x_wconf 85' lang='lat' dir='ltr'><strong>Petamus</strong></span> <span class='ocrx_word' id='word_1_79' title='bbox 934 1551 1080 1594; x_wconf 87' lang='lat' dir='ltr'><strong>arva</strong></span> <span class='ocrx_word' id='word_1_80' title='bbox 1132 1531 1348 1594; x_wconf 85' lang='lat' dir='ltr'><strong>divites</strong></span> <span class='ocrx_word' id='word_1_81' title='bbox 1379 1538 1440 1594; x_wconf 91' lang='lat' dir='ltr'><strong>et</strong></span> <span class='ocrx_word' id='word_1_82' title='bbox 1469 1531 1714 1610; x_wconf 84' lang='lat' dir='ltr'><strong>insulas,</strong></span> 
     </span>
    </p>

    <p class='ocr_par' dir='ltr' id='par_1_10' title="bbox 527 1614 2018 1784">
     <span class='ocr_line' id='line_1_17' title="bbox 527 1614 2018 1700; baseline 0.002 -21"><span class='ocrx_word' id='word_1_83' title='bbox 527 1614 757 1679; x_wconf 80' lang='lat' dir='ltr'><strong>Reddit</strong></span> <span class='ocrx_word' id='word_1_84' title='bbox 783 1617 887 1678; x_wconf 90' lang='lat' dir='ltr'><strong>ubi</strong></span> <span class='ocrx_word' id='word_1_85' title='bbox 918 1615 1201 1679; x_wconf 86' lang='lat' dir='ltr'><strong>Cererem</strong></span> <span class='ocrx_word' id='word_1_86' title='bbox 1232 1617 1410 1678; x_wconf 90' lang='lat' dir='ltr'><strong>tellus</strong></span> <span class='ocrx_word' id='word_1_87' title='bbox 1439 1616 1674 1680; x_wconf 86' lang='lat' dir='ltr'><strong>inarata</strong></span> <span class='ocrx_word' id='word_1_88' title='bbox 1701 1617 2018 1700; x_wconf 74' lang='lat' dir='ltr'><strong>quotannis</strong></span> 
     </span>
     <span class='ocr_line' id='line_1_18' title="bbox 616 1700 1664 1784; baseline 0.002 -22"><span class='ocrx_word' id='word_1_89' title='bbox 616 1700 702 1763; x_wconf 89' lang='lat' dir='ltr'><strong>Et</strong></span> <span class='ocrx_word' id='word_1_90' title='bbox 727 1701 1023 1784; x_wconf 87' lang='lat' dir='ltr'><strong>imputata</strong></span> <span class='ocrx_word' id='word_1_91' title='bbox 1046 1701 1219 1764; x_wconf 88' lang='lat' dir='ltr'><strong>floret</strong></span> <span class='ocrx_word' id='word_1_92' title='bbox 1247 1722 1437 1783; x_wconf 88' lang='lat' dir='ltr'><strong>usque</strong></span> <span class='ocrx_word' id='word_1_93' title='bbox 1467 1702 1664 1781; x_wconf 86' lang='lat' dir='ltr'><strong>vinea,</strong></span> 
     </span>
    </p>

    <p class='ocr_par' dir='ltr' id='par_1_11' title="bbox 531 1785 2054 1955">
     <span class='ocr_line' id='line_1_19' title="bbox 531 1785 2054 1870; baseline 0.001 -20"><span class='ocrx_word' id='word_1_94' title='bbox 531 1785 847 1850; x_wconf 87' lang='lat' dir='ltr'><strong>Germinat</strong></span> <span class='ocrx_word' id='word_1_95' title='bbox 875 1793 939 1849; x_wconf 91' lang='lat' dir='ltr'><strong>et</strong></span> <span class='ocrx_word' id='word_1_96' title='bbox 965 1804 1272 1870; x_wconf 84' lang='lat' dir='ltr'><strong>nunquam</strong></span> <span class='ocrx_word' id='word_1_97' title='bbox 1299 1788 1560 1850; x_wconf 80' lang='lat' dir='ltr'><strong>fallentis</strong></span> <span class='ocrx_word' id='word_1_98' title='bbox 1590 1794 1810 1851; x_wconf 89' lang='lat' dir='ltr'><strong>termes</strong></span> <span class='ocrx_word' id='word_1_99' title='bbox 1839 1788 2054 1869; x_wconf 86' lang='lat' dir='ltr'><strong>olivae,</strong></span> 
     </span>
     <span class='ocr_line' id='line_1_20' title="bbox 617 1869 1822 1955; baseline 0.001 -21"><span class='ocrx_word' id='word_1_100' title='bbox 617 1869 920 1953; x_wconf 83' lang='lat' dir='ltr'><strong>Suamque</strong></span> <span class='ocrx_word' id='word_1_101' title='bbox 951 1873 1113 1955; x_wconf 91' lang='lat' dir='ltr'><strong>pulla</strong></span> <span class='ocrx_word' id='word_1_102' title='bbox 1140 1873 1291 1935; x_wconf 89' lang='lat' dir='ltr'><strong>ficus</strong></span> <span class='ocrx_word' id='word_1_103' title='bbox 1324 1879 1500 1936; x_wconf 89' lang='lat' dir='ltr'><strong>ornat</strong></span> <span class='ocrx_word' id='word_1_104' title='bbox 1529 1873 1822 1952; x_wconf 81' lang='lat' dir='ltr'><strong>arborem,</strong></span> 
     </span>
    </p>

    <p class='ocr_par' dir='ltr' id='par_1_12' title="bbox 526 1957 1949 2128">
     <span class='ocr_line' id='line_1_21' title="bbox 526 1957 1949 2035; baseline -0.001 -13"><span class='ocrx_word' id='word_1_105' title='bbox 526 1957 718 2022; x_wconf 89' lang='lat' dir='ltr'><strong>Mella</strong></span> <span class='ocrx_word' id='word_1_106' title='bbox 746 1977 896 2020; x_wconf 86' lang='lat' dir='ltr'><strong>cava</strong></span> <span class='ocrx_word' id='word_1_107' title='bbox 923 1965 1168 2020; x_wconf 89' lang='lat' dir='ltr'><strong>manant</strong></span> <span class='ocrx_word' id='word_1_108' title='bbox 1196 1981 1271 2021; x_wconf 86' lang='lat' dir='ltr'><strong>ex</strong></span> <span class='ocrx_word' id='word_1_109' title='bbox 1298 1959 1458 2035; x_wconf 84' lang='lat' dir='ltr'><strong>ilice,</strong></span> <span class='ocrx_word' id='word_1_110' title='bbox 1487 1959 1783 2021; x_wconf 87' lang='lat' dir='ltr'><strong>montibus</strong></span> <span class='ocrx_word' id='word_1_111' title='bbox 1813 1959 1949 2022; x_wconf 87' lang='lat' dir='ltr'><strong>altis</strong></span> 
     </span>
     <span class='ocr_line' id='line_1_22' title="bbox 614 2041 1813 2128; baseline 0.001 -24"><span class='ocrx_word' id='word_1_112' title='bbox 614 2041 793 2104; x_wconf 87' lang='lat' dir='ltr'><strong>Levis</strong></span> <span class='ocrx_word' id='word_1_113' title='bbox 824 2051 1107 2127; x_wconf 78' lang='lat' dir='ltr'><strong>crepante</strong></span> <span class='ocrx_word' id='word_1_114' title='bbox 1138 2045 1384 2128; x_wconf 82' lang='lat' dir='ltr'><strong>lympha</strong></span> <span class='ocrx_word' id='word_1_115' title='bbox 1413 2044 1610 2106; x_wconf 86' lang='lat' dir='ltr'><strong>desilit</strong></span> <span class='ocrx_word' id='word_1_116' title='bbox 1638 2043 1813 2127; x_wconf 89' lang='lat' dir='ltr'><strong>pede.</strong></span> 
     </span>
    </p>

    <p class='ocr_par' dir='ltr' id='par_1_13' title="bbox 527 2126 1936 2298">
     <span class='ocr_line' id='line_1_23' title="bbox 527 2126 1936 2212; baseline 0.001 -21"><span class='ocrx_word' id='word_1_117' title='bbox 527 2126 661 2191; x_wconf 88' lang='lat' dir='ltr'><strong>Illic</strong></span> <span class='ocrx_word' id='word_1_118' title='bbox 690 2128 948 2212; x_wconf 89' lang='lat' dir='ltr'><strong>injussae</strong></span> <span class='ocrx_word' id='word_1_119' title='bbox 978 2129 1227 2192; x_wconf 86' lang='lat' dir='ltr'><strong>veniunt</strong></span> <span class='ocrx_word' id='word_1_120' title='bbox 1256 2130 1335 2192; x_wconf 90' lang='lat' dir='ltr'><strong>ad</strong></span> <span class='ocrx_word' id='word_1_121' title='bbox 1364 2131 1619 2192; x_wconf 90' lang='lat' dir='ltr'><strong>mulctra</strong></span> <span class='ocrx_word' id='word_1_122' title='bbox 1649 2129 1936 2212; x_wconf 84' lang='lat' dir='ltr'><strong>capellae,</strong></span> 
     </span>
     <span class='ocr_line' id='line_1_24' title="bbox 611 2214 1836 2298; baseline 0 -22"><span class='ocrx_word' id='word_1_123' title='bbox 611 2215 943 2298; x_wconf 85' lang='lat' dir='ltr'><strong>Refertque</strong></span> <span class='ocrx_word' id='word_1_124' title='bbox 977 2221 1147 2278; x_wconf 88' lang='lat' dir='ltr'><strong>tenta</strong></span> <span class='ocrx_word' id='word_1_125' title='bbox 1176 2237 1323 2298; x_wconf 85' lang='lat' dir='ltr'><strong>grex</strong></span> <span class='ocrx_word' id='word_1_126' title='bbox 1354 2214 1578 2278; x_wconf 88' lang='lat' dir='ltr'><strong>amicus</strong></span> <span class='ocrx_word' id='word_1_127' title='bbox 1605 2215 1794 2277; x_wconf 87' lang='lat' dir='ltr'><strong>ubera</strong></span> <span class='ocrx_word' id='word_1_128' title='bbox 1819 2235 1836 2290; x_wconf 91' lang='lat'>;</span> 
     </span>
    </p>

    <p class='ocr_par' dir='ltr' id='par_1_14' title="bbox 525 2298 1918 2468">
     <span class='ocr_line' id='line_1_25' title="bbox 525 2298 1918 2384; baseline -0.001 -21"><span class='ocrx_word' id='word_1_129' title='bbox 525 2298 592 2363; x_wconf 85' lang='lat' dir='ltr'>N</span> <span class='ocrx_word' id='word_1_130' title='bbox 594 2321 663 2362; x_wconf 90' lang='lat' dir='ltr'><strong>ec</strong></span> <span class='ocrx_word' id='word_1_131' title='bbox 694 2302 1066 2384; x_wconf 85' lang='lat' dir='ltr'><strong>vespertinus</strong></span> <span class='ocrx_word' id='word_1_132' title='bbox 1097 2301 1510 2382; x_wconf 83' lang='lat' dir='ltr'><strong>circumgemit</strong></span> <span class='ocrx_word' id='word_1_133' title='bbox 1538 2321 1712 2362; x_wconf 89' lang='lat' dir='ltr'><strong>ursus</strong></span> <span class='ocrx_word' id='word_1_134' title='bbox 1743 2300 1918 2378; x_wconf 87' lang='lat' dir='ltr'><strong>ovile,</strong></span> 
     </span>
     <span class='ocr_line' id='line_1_26' title="bbox 609 2385 1901 2468; baseline -0.001 -21"><span class='ocrx_word' id='word_1_135' title='bbox 609 2385 829 2468; x_wconf 88' lang='lat' dir='ltr'><strong>Neque</strong></span> <span class='ocrx_word' id='word_1_136' title='bbox 860 2387 1204 2449; x_wconf 88' lang='lat' dir='ltr'><strong>intumescit</strong></span> <span class='ocrx_word' id='word_1_137' title='bbox 1232 2387 1390 2448; x_wconf 88' lang='lat' dir='ltr'><strong>alma</strong></span> <span class='ocrx_word' id='word_1_138' title='bbox 1418 2385 1636 2468; x_wconf 88' lang='lat' dir='ltr'><strong>viperis</strong></span> <span class='ocrx_word' id='word_1_139' title='bbox 1665 2385 1901 2448; x_wconf 90' lang='lat' dir='ltr'><strong>humus.</strong></span> 
     </span>
    </p>

    <p class='ocr_par' dir='ltr' id='par_1_15' title="bbox 524 2469 2038 2640">
     <span class='ocr_line' id='line_1_27' title="bbox 524 2469 2038 2554; baseline -0.002 -20"><span class='ocrx_word' id='word_1_140' title='bbox 524 2469 831 2554; x_wconf 82' lang='lat' dir='ltr'><strong>Pluraque</strong></span> <span class='ocrx_word' id='word_1_141' title='bbox 863 2472 1068 2537; x_wconf 86' lang='lat' dir='ltr'><strong>felices</strong></span> <span class='ocrx_word' id='word_1_142' title='bbox 1098 2471 1484 2533; x_wconf 78' lang='lat' dir='ltr'><strong>mirabimur:</strong></span> <span class='ocrx_word' id='word_1_143' title='bbox 1529 2478 1598 2532; x_wconf 92' lang='lat' dir='ltr'><strong>ut</strong></span> <span class='ocrx_word' id='word_1_144' title='bbox 1627 2491 1824 2552; x_wconf 90' lang='lat' dir='ltr'><strong>neque</strong></span> <span class='ocrx_word' id='word_1_145' title='bbox 1854 2469 2038 2554; x_wconf 86' lang='lat' dir='ltr'><strong>largis</strong></span> 
     </span>
     <span class='ocr_line' id='line_1_28' title="bbox 608 2555 1844 2640; baseline -0.002 -21"><span class='ocrx_word' id='word_1_146' title='bbox 608 2557 895 2640; x_wconf 88' lang='lat' dir='ltr'><strong>Aquosus</strong></span> <span class='ocrx_word' id='word_1_147' title='bbox 926 2557 1125 2620; x_wconf 79' lang='lat' dir='ltr'><strong>Eurus</strong></span> <span class='ocrx_word' id='word_1_148' title='bbox 1157 2577 1303 2620; x_wconf 87' lang='lat' dir='ltr'><strong>arva</strong></span> <span class='ocrx_word' id='word_1_149' title='bbox 1332 2555 1510 2618; x_wconf 88' lang='lat' dir='ltr'><strong>radat</strong></span> <span class='ocrx_word' id='word_1_150' title='bbox 1536 2555 1844 2630; x_wconf 75' lang='lat' dir='ltr'><strong>imbribu3‚</strong></span> 
     </span>
    </p>

    <p class='ocr_par' dir='ltr' id='par_1_16' title="bbox 523 2640 1910 2812">
     <span class='ocr_line' id='line_1_29' title="bbox 523 2640 1910 2724; baseline -0.003 -18"><span class='ocrx_word' id='word_1_151' title='bbox 523 2641 784 2724; x_wconf 87' lang='lat' dir='ltr'><strong>Pinguia</strong></span> <span class='ocrx_word' id='word_1_152' title='bbox 810 2664 924 2706; x_wconf 91' lang='lat' dir='ltr'><strong>nec</strong></span> <span class='ocrx_word' id='word_1_153' title='bbox 956 2643 1129 2707; x_wconf 89' lang='lat' dir='ltr'><strong>siccis</strong></span> <span class='ocrx_word' id='word_1_154' title='bbox 1158 2648 1412 2705; x_wconf 89' lang='lat' dir='ltr'><strong>urantur</strong></span> <span class='ocrx_word' id='word_1_155' title='bbox 1440 2640 1669 2704; x_wconf 89' lang='lat' dir='ltr'><strong>semina</strong></span> <span class='ocrx_word' id='word_1_156' title='bbox 1697 2640 1910 2724; x_wconf 80' lang='lat' dir='ltr'><strong>glebis,</strong></span> 
     </span>
     <span class='ocr_line' id='line_1_30' title="bbox 609 2727 1862 2812; baseline -0.003 -20"><span class='ocrx_word' id='word_1_157' title='bbox 609 2727 955 2812; x_wconf 81' lang='lat' dir='ltr'><strong>Utrumque</strong></span> <span class='ocrx_word' id='word_1_158' title='bbox 986 2751 1130 2812; x_wconf 87' lang='lat' dir='ltr'><strong>rege</strong></span> <span class='ocrx_word' id='word_1_159' title='bbox 1162 2733 1533 2812; x_wconf 85' lang='lat' dir='ltr'><strong>temperante</strong></span> <span class='ocrx_word' id='word_1_160' title='bbox 1561 2727 1862 2790; x_wconf 87' lang='lat' dir='ltr'><strong>caelitum.</strong></span> 
     </span>
    </p>

    <p class='ocr_par' dir='ltr' id='par_1_17' title="bbox 523 2812 1932 2982">
     <span class='ocr_line' id='line_1_31' title="bbox 523 2812 1876 2898; baseline -0.001 -22"><span class='ocrx_word' id='word_1_161' title='bbox 523 2812 588 2877; x_wconf 84' lang='lat' dir='ltr'>N</span> <span class='ocrx_word' id='word_1_162' title='bbox 590 2819 667 2876; x_wconf 85' lang='lat' dir='ltr'><strong>on</strong></span> <span class='ocrx_word' id='word_1_163' title='bbox 694 2815 813 2878; x_wconf 88' lang='lat' dir='ltr'><strong>huc</strong></span> <span class='ocrx_word' id='word_1_164' title='bbox 842 2815 1052 2898; x_wconf 88' lang='lat' dir='ltr'><strong>Argoo</strong></span> <span class='ocrx_word' id='word_1_165' title='bbox 1084 2814 1394 2878; x_wconf 90' lang='lat' dir='ltr'><strong>contendit</strong></span> <span class='ocrx_word' id='word_1_166' title='bbox 1422 2814 1648 2896; x_wconf 87' lang='lat' dir='ltr'><strong>remige</strong></span> <span class='ocrx_word' id='word_1_167' title='bbox 1678 2813 1876 2896; x_wconf 85' lang='lat' dir='ltr'><strong>pinus,</strong></span> 
     </span>
     <span class='ocr_line' id='line_1_32' title="bbox 611 2897 1932 2982; baseline -0.002 -20"><span class='ocrx_word' id='word_1_168' title='bbox 611 2899 833 2982; x_wconf 91' lang='lat' dir='ltr'><strong>Neque</strong></span> <span class='ocrx_word' id='word_1_169' title='bbox 863 2900 1167 2982; x_wconf 87' lang='lat' dir='ltr'><strong>impudica</strong></span> <span class='ocrx_word' id='word_1_170' title='bbox 1197 2897 1434 2962; x_wconf 85' lang='lat' dir='ltr'><strong>Colchis</strong></span> <span class='ocrx_word' id='word_1_171' title='bbox 1464 2899 1666 2960; x_wconf 87' lang='lat' dir='ltr'><strong>intulit</strong></span> <span class='ocrx_word' id='word_1_172' title='bbox 1693 2897 1932 2981; x_wconf 92' lang='lat' dir='ltr'><strong>pedem,</strong></span> 
     </span>
    </p>

    <p class='ocr_par' dir='ltr' id='par_1_18' title="bbox 523 2981 1918 3131">
     <span class='ocr_line' id='line_1_33' title="bbox 523 2981 1918 3047; baseline -0.002 0"><span class='ocrx_word' id='word_1_173' title='bbox 523 2982 667 3047; x_wconf 86' lang='lat' dir='ltr'><strong>Non</strong></span> <span class='ocrx_word' id='word_1_174' title='bbox 696 2984 815 3046; x_wconf 91' lang='lat' dir='ltr'><strong>huc</strong></span> <span class='ocrx_word' id='word_1_175' title='bbox 850 2981 1079 3047; x_wconf 84' lang='lat' dir='ltr'><strong>Sidonii</strong></span> <span class='ocrx_word' id='word_1_176' title='bbox 1110 2990 1414 3046; x_wconf 88' lang='lat' dir='ltr'><strong>torserunt</strong></span> <span class='ocrx_word' id='word_1_177' title='bbox 1443 3004 1669 3045; x_wconf 89' lang='lat' dir='ltr'><strong>cornua</strong></span> <span class='ocrx_word' id='word_1_178' title='bbox 1698 2989 1918 3044; x_wconf 86' lang='lat' dir='ltr'><strong>nautae</strong></span> 
     </span>
     <span class='ocr_line' id='line_1_34' title="bbox 610 3066 1567 3131; baseline -0.003 0"><span class='ocrx_word' id='word_1_179' title='bbox 610 3067 933 3131; x_wconf 89' lang='lat' dir='ltr'><strong>Laboriosa</strong></span> <span class='ocrx_word' id='word_1_180' title='bbox 959 3089 1071 3131; x_wconf 90' lang='lat' dir='ltr'><strong>nec</strong></span> <span class='ocrx_word' id='word_1_181' title='bbox 1104 3069 1311 3130; x_wconf 87' lang='lat' dir='ltr'><strong>cohors</strong></span> <span class='ocrx_word' id='word_1_182' title='bbox 1342 3066 1567 3131; x_wconf 86' lang='lat' dir='ltr'><strong>Ulixei.</strong></span> 
     </span>
    </p>

    <p class='ocr_par' dir='ltr' id='par_1_19' title="bbox 530 3148 1953 3320">
     <span class='ocr_line' id='line_1_35' title="bbox 530 3148 1953 3237; baseline -0.004 -20"><span class='ocrx_word' id='word_1_183' title='bbox 530 3153 715 3217; x_wconf 88' lang='lat' dir='ltr'><strong>Nulla</strong></span> <span class='ocrx_word' id='word_1_184' title='bbox 743 3161 962 3216; x_wconf 89' lang='lat' dir='ltr'><strong>nocent</strong></span> <span class='ocrx_word' id='word_1_185' title='bbox 990 3153 1193 3237; x_wconf 89' lang='lat' dir='ltr'><strong>pecori</strong></span> <span class='ocrx_word' id='word_1_186' title='bbox 1224 3152 1522 3233; x_wconf 87' lang='lat' dir='ltr'><strong>contagia,</strong></span> <span class='ocrx_word' id='word_1_187' title='bbox 1552 3151 1774 3214; x_wconf 90' lang='lat' dir='ltr'><strong>nullius</strong></span> <span class='ocrx_word' id='word_1_188' title='bbox 1805 3148 1953 3212; x_wconf 86' lang='lat' dir='ltr'><strong>astri</strong></span> 
     </span>
     <span class='ocr_line' id='line_1_36' title="bbox 613 3235 1803 3320; baseline -0.001 -20"><span class='ocrx_word' id='word_1_189' title='bbox 613 3237 881 3320; x_wconf 84' lang='lat' dir='ltr'><strong>Gregem</strong></span> <span class='ocrx_word' id='word_1_190' title='bbox 910 3244 1187 3300; x_wconf 88' lang='lat' dir='ltr'><strong>aestuosa</strong></span> <span class='ocrx_word' id='word_1_191' title='bbox 1218 3243 1407 3299; x_wconf 85' lang='lat' dir='ltr'><strong>torret</strong></span> <span class='ocrx_word' id='word_1_192' title='bbox 1433 3235 1803 3319; x_wconf 85' lang='lat' dir='ltr'><strong>impotentia.</strong></span> 
     </span>
    </p>

    <p class='ocr_par' dir='ltr' id='par_1_20' title="bbox 528 3320 1818 3492">
     <span class='ocr_line' id='line_1_37' title="bbox 528 3320 1769 3406; baseline -0.004 -19"><span class='ocrx_word' id='word_1_193' title='bbox 528 3323 768 3406; x_wconf 86' lang='lat' dir='ltr'><strong>Jupiter</strong></span> <span class='ocrx_word' id='word_1_194' title='bbox 795 3324 897 3386; x_wconf 88' lang='lat' dir='ltr'><strong>illa</strong></span> <span class='ocrx_word' id='word_1_195' title='bbox 926 3323 1059 3406; x_wconf 90' lang='lat' dir='ltr'><strong>piae</strong></span> <span class='ocrx_word' id='word_1_196' title='bbox 1090 3323 1349 3385; x_wconf 87' lang='lat' dir='ltr'><strong>secrevit</strong></span> <span class='ocrx_word' id='word_1_197' title='bbox 1379 3321 1555 3384; x_wconf 90' lang='lat' dir='ltr'><strong>litora</strong></span> <span class='ocrx_word' id='word_1_198' title='bbox 1581 3320 1769 3404; x_wconf 87' lang='lat' dir='ltr'><strong>genti,</strong></span> 
     </span>
     <span class='ocr_line' id='line_1_38' title="bbox 612 3407 1818 3492; baseline -0.003 -20"><span class='ocrx_word' id='word_1_199' title='bbox 612 3407 701 3472; x_wconf 90' lang='lat' dir='ltr'><strong>Ut</strong></span> <span class='ocrx_word' id='word_1_200' title='bbox 729 3409 1064 3492; x_wconf 86' lang='lat' dir='ltr'><strong>inquinavit</strong></span> <span class='ocrx_word' id='word_1_201' title='bbox 1092 3428 1233 3472; x_wconf 89' lang='lat' dir='ltr'><strong>aere</strong></span> <span class='ocrx_word' id='word_1_202' title='bbox 1268 3414 1500 3490; x_wconf 89' lang='lat' dir='ltr'><strong>tempus</strong></span> <span class='ocrx_word' id='word_1_203' title='bbox 1531 3424 1818 3483; x_wconf 91' lang='lat' dir='ltr'><strong>aureum;</strong></span> 
     </span>
    </p>

    <p class='ocr_par' dir='ltr' id='par_1_21' title="bbox 523 3493 2002 3663">
     <span class='ocr_line' id='line_1_39' title="bbox 523 3493 2002 3576; baseline -0.001 -18"><span class='ocrx_word' id='word_1_204' title='bbox 523 3495 714 3570; x_wconf 88' lang='lat' dir='ltr'><strong>Aere,</strong></span> <span class='ocrx_word' id='word_1_205' title='bbox 746 3496 960 3558; x_wconf 90' lang='lat' dir='ltr'><strong>dehinc</strong></span> <span class='ocrx_word' id='word_1_206' title='bbox 990 3495 1150 3556; x_wconf 89' lang='lat' dir='ltr'><strong>ferro</strong></span> <span class='ocrx_word' id='word_1_207' title='bbox 1180 3493 1421 3556; x_wconf 87' lang='lat' dir='ltr'><strong>duravit</strong></span> <span class='ocrx_word' id='word_1_208' title='bbox 1447 3493 1693 3558; x_wconf 90' lang='lat' dir='ltr'><strong>secula:</strong></span> <span class='ocrx_word' id='word_1_209' title='bbox 1743 3511 2002 3576; x_wconf 85' lang='lat' dir='ltr'><strong>quorum</strong></span> 
     </span>
     <span class='ocr_line' id='line_1_40' title="bbox 613 3579 1736 3663; baseline -0.003 -19"><span class='ocrx_word' id='word_1_210' title='bbox 613 3581 739 3644; x_wconf 90' lang='lat' dir='ltr'><strong>Piis</strong></span> <span class='ocrx_word' id='word_1_211' title='bbox 769 3581 1035 3644; x_wconf 86' lang='lat' dir='ltr'><strong>secunda</strong></span> <span class='ocrx_word' id='word_1_212' title='bbox 1066 3586 1201 3646; x_wconf 86' lang='lat' dir='ltr'><strong>vate</strong></span> <span class='ocrx_word' id='word_1_213' title='bbox 1232 3601 1329 3642; x_wconf 91' lang='lat' dir='ltr'><strong>me</strong></span> <span class='ocrx_word' id='word_1_214' title='bbox 1362 3579 1541 3642; x_wconf 87' lang='lat' dir='ltr'><strong>datur</strong></span> <span class='ocrx_word' id='word_1_215' title='bbox 1568 3579 1736 3663; x_wconf 84' lang='lat' dir='ltr'><strong>fuga.</strong></span> 
     </span>
    </p>
   </div>
   <div class='ocr_carea' id='block_1_4' title="bbox 2375 959 2440 1009">
    <p class='ocr_par' dir='ltr' id='par_1_22' title="bbox 2375 959 2440 1009">
     <span class='ocr_line' id='line_1_41' title="bbox 2375 959 2440 1009; baseline 0 0"><span class='ocrx_word' id='word_1_216' title='bbox 2375 959 2440 1009; x_wconf 87' lang='grc'><strong>35</strong></span> 
     </span>
    </p>
   </div>
   <div class='ocr_carea' id='block_1_5' title="bbox 2369 1385 2438 1434">
    <p class='ocr_par' dir='ltr' id='par_1_23' title="bbox 2369 1385 2438 1434">
     <span class='ocr_line' id='line_1_42' title="bbox 2369 1385 2438 1434; baseline 0 0"><span class='ocrx_word' id='word_1_217' title='bbox 2369 1385 2438 1434; x_wconf 81' lang='grc'><strong>40</strong></span> 
     </span>
    </p>
   </div>
   <div class='ocr_carea' id='block_1_6' title="bbox 2323 3053 2435 3135">
    <p class='ocr_par' dir='ltr' id='par_1_24' title="bbox 2323 3053 2435 3135">
     <span class='ocr_line' id='line_1_43' title="bbox 2323 3053 2435 3135; baseline -0.009 0"><span class='ocrx_word' id='word_1_218' title='bbox 2323 3053 2435 3135; x_wconf 59' lang='lat' dir='ltr'><strong>&#39;oo</strong></span> 
     </span>
    </p>
   </div>
  </div>
 </body>
</html>
