2675 4409
961 270 1093 316 LIB.
1137 270 1186 316 1.
1233 270 1435 318 EPIST.
1482 272 1548 320 V.

205 423 436 488 Gratia
461 421 866 506 nequicquam
896 423 1016 488 coit
1043 428 1110 486 et
1134 424 1497 490 rescinditur
1566 422 1660 488 At
1686 442 1795 488 vos

205 509 344 573 Seu
373 509 606 573 calidus
635 509 880 591 sanguis
909 530 1018 573 seu
1049 529 1251 573 rerum
1277 511 1516 574 inscitia
1542 518 1723 577 vexat

199 593 516 660 Indomita
544 594 782 658 cervice
811 595 994 674 feroS,
1023 595 1371 679 ubicunque
1412 597 1677 660 locorum

201 678 456 759 Vivitis,
469 679 700 762 indigni
728 680 1062 744 fraternum
1091 701 1369 765 rumpere
1398 682 1631 760 foedus,

205 765 500 830 Pascitur
527 766 591 828 in
618 771 886 830 vestrum
912 766 1175 830 reditum
1202 767 1405 831 votiva
1422 768 1706 851 juvenca.

853 1185 1403 1252 EPISTOLA
1488 1186 1627 1254 IV.

204 1357 411 1438 ALBI,
440 1361 776 1421 nostrorum
805 1375 1142 1421 sermonum
1171 1356 1425 1420 candide
1445 1356 1661 1441 judex,

209 1443 377 1517 Quid
404 1463 566 1506 nunc
597 1447 659 1505 te
692 1441 888 1505 dicam
916 1442 1119 1506 facere
1148 1443 1213 1505 in
1239 1443 1485 1526 regione
1517 1440 1807 1506 Pedana?

211 1527 496 1593 Scribere
528 1526 689 1611 quod
721 1525 892 1592 Cassi
921 1527 1265 1592 Parmensis
1293 1528 1581 1611 opuscula
1609 1529 1833 1610 vincat,

205 1613 317 1677 An
347 1613 599 1676 tacitum
627 1612 806 1676 silvas
832 1613 996 1676 inter
1022 1619 1264 1696 reptare
1293 1614 1587 1694 salubres,

211 1697 546 1762 Curantem
577 1697 863 1781 quidquid
892 1698 1142 1781 dignum
1169 1699 1438 1782 sapiente
1468 1699 1739 1784 bonoque
1770 1698 1912 1764 est?

210 1783 356 1847 Non
383 1791 455 1846 tu
483 1803 697 1866 corpus
730 1804 864 1846 eras
892 1784 1020 1846 sine
1051 1791 1312 1867 pectore.
1364 1783 1450 1847 Di
1479 1785 1585 1848 tibi
1618 1786 1891 1867 formam,

207 1867 294 1933 Di
325 1869 432 1932 tibi
463 1868 698 1931 divitias
728 1868 1028 1932 dederunt
1055 1876 1365 1952 artemque
1394 1870 1654 1933 fruendi.

211 1953 375 2027 Quid
405 1961 621 2019 voveat
647 1953 808 2017 dulci
835 1954 1136 2018 nutricula
1163 1955 1355 2038 majus
1385 1955 1644 2035 alumno,

212 2038 332 2112 Qui
363 2060 576 2123 sapere
607 2047 671 2102 et
697 2039 812 2102 fari
843 2040 1024 2122 possit
1053 2061 1207 2123 quae
1237 2041 1479 2119 sentiat,
1510 2049 1573 2104 et
1602 2040 1699 2105 cui

214 2123 452 2203 Gratia,
481 2124 664 2202 fama,
692 2124 974 2188 valetudo
1002 2126 1311 2208 contingat
1340 2126 1600 2206 abunde,

211 2209 298 2274 Et
326 2209 584 2273 mundus
613 2209 808 2274 victus
836 2231 954 2273 non
984 2210 1298 2274 deficiente
1329 2207 1662 2274 crumena?

211 2294 387 2359 Inter
415 2315 584 2378 spem
613 2314 961 2379 curamque,
992 2295 1234 2358 timores
1262 2294 1421 2358 inter
1450 2302 1513 2358 et
1539 2296 1686 2372 iras,

216 2379 473 2443 Omnem
503 2379 684 2444 erede
715 2379 874 2443 diem
904 2379 1010 2444 tibi
1038 2380 1318 2444 diluxisse
1350 2401 1731 2464 supremum:

215 2465 412 2529 Grata
438 2464 820 2549 superveniet
872 2485 1027 2549 quae
1054 2486 1176 2530 non
1203 2466 1541 2549 sperabitur
1578 2467 1746 2531 hora.

211 2549 320 2636 Me
349 2550 636 2634 pinguem
665 2557 729 2613 et
755 2549 1009 2614 nitidum
1036 2551 1189 2615 bene
1219 2558 1433 2614 curata
1462 2558 1601 2614 cute
1632 2551 1787 2615 vises

216 2635 372 2700 Cum
399 2635 599 2700 ridere
629 2636 793 2701 voles
822 2635 1072 2722 Epicuri
1100 2636 1176 2700 de
1205 2657 1393 2720 grege
1423 2656 1691 2720 porcum.

885 3065 1438 3132 EPISTOLA
1523 3066 1609 3134 V.

225 3237 299 3302 St
325 3243 496 3322 potes
525 3236 844 3300 Archiacis
874 3237 1124 3301 conviva
1150 3238 1501 3302 recumbere
1528 3239 1703 3303 lectis

222 3323 283 3386 N
286 3344 353 3386 ec
383 3322 618 3386 modica
648 3343 900 3386 coenare
935 3323 1107 3386 times
1137 3324 1265 3385 olus
1295 3345 1468 3388 omne
1499 3327 1745 3407 patella,

227 3407 514 3491 Supremo
545 3414 606 3470 te
637 3408 760 3470 sole
793 3408 972 3486 domi,
1003 3408 1326 3490 Torquate,
1356 3412 1629 3474 manebo.

223 3492 382 3556 Vina
408 3493 577 3556 bibes
604 3494 824 3557 iterum
854 3494 1050 3556 Tauro
1085 3494 1298 3558 diffusa
1313 3496 1624 3578 palustres

221 3577 392 3642 Inter
420 3579 763 3642 Minturnas
797 3578 1343 3662 Sinuessanumque
1376 3581 1707 3642 Petrinum.

226 3661 291 3728 Si
319 3665 529 3726 melius
561 3664 705 3748 quid
733 3665 942 3744 habeS,
973 3685 1210 3728 arcesse
1263 3666 1361 3727 vel
1390 3664 1703 3746 imperium
1733 3663 1846 3728 fer.

220 3749 265 3814 J
267 3749 591 3814 amdudum
619 3749 896 3832 splendet
924 3750 1092 3814 focus
1122 3756 1186 3814 et
1215 3749 1321 3812 tibi
1351 3748 1576 3813 munda
1602 3750 1896 3833 supellex.

2162 253 2291 320 18⁷

2226 2147 2289 2198 lo

2224 2573 2289 2625 15
