2675 4409
367 247 492 317 200
994 322 1000 327 ,
1054 303 1066 319 ,
1181 262 1627 314 nms'romuu

363 419 631 484 Fortiter
657 417 987 502 absumptis
1014 417 1281 483 urbanus
1310 419 1511 504 coepit
1534 419 1767 500 haberi,

367 504 594 569 Scurra
620 524 812 588 vagus
839 526 960 567 non
989 506 1094 588 qui
1123 512 1355 569 certum
1386 528 1676 589 praesepe
1708 512 1968 589 teneret,

361 591 712 675 Impransus
739 611 861 653 non
889 591 994 673 qui
1023 590 1216 654 civem
1245 592 1585 656 dinosceret
1612 594 1809 673 hoste,

364 677 687 752 Quaelibet
714 676 778 739 in
807 676 1080 760 quemvis
1109 678 1427 760 opprobria
1454 679 1685 761 fingere
1716 700 1954 761 saevus,

362 764 672 827 Pernicies
701 768 765 825 et
794 768 1122 845 tempestas
1149 763 1619 848 barathrumque
1650 766 1908 846 macelli,

363 848 670 933 Quidquid
700 848 1046 932 quaesierat
1074 849 1272 911 ventri
1301 849 1566 913 donabat
1594 872 1795 914 avaro.

361 934 486 998 Hic
515 934 618 998 nbi
647 934 950 1017 nequitiae
979 934 1314 998 fautoribus
1344 943 1411 998 et
1436 937 1659 999 timidis
1688 938 1775 1000 nil

359 1021 496 1083 Aut
523 1021 767 1105 paulum
797 1021 1130 1083 abstulerat
1159 1020 1393 1103 patinas
1423 1023 1717 1086 coenabat
1740 1023 1927 1087 omasi

359 1104 518 1169 Vilis
547 1114 611 1169 et
640 1106 920 1189 agninae,
951 1106 1142 1169 tribus
1169 1106 1325 1169 ursis
1357 1108 1517 1190 quod
1546 1107 1691 1172 satis
1721 1117 1921 1188 esset3

363 1190 612 1255 Scilicet
638 1200 710 1255 ut
739 1198 980 1256 ventres
1009 1192 1210 1255 lamna
1239 1192 1535 1257 candente
1564 1200 1851 1277 nepotum

357 1277 612 1342 Diceret
638 1278 920 1357 urendos,
950 1285 1256 1342 correctus
1285 1276 1551 1343 Bestius.
1639 1280 1816 1343 Idem

335 1363 668 1447 -Quidquid
697 1370 831 1427 erat
857 1371 1074 1427 nactus
1102 1362 1367 1449 praedae
1397 1365 1637 1449 majoris
1666 1365 1771 1429 ubi
1798 1387 1972 1451 omne

357 1448 654 1513 Verterat
679 1449 742 1512 in
770 1450 1001 1511 fumum
1031 1456 1096 1512 et
1123 1450 1411 1529 cinerem,
1442 1450 1509 1513 N
1509 1472 1589 1514 on
1614 1452 1858 1515 hercule
1888 1452 2093 1533 miror,

357 1533 607 1613 Aiebat,
638 1534 690 1597 si
718 1535 822 1617 qui
852 1534 1176 1597 comedunt
1203 1535 1381 1613 bona,
1413 1556 1552 1599 cum
1580 1537 1659 1599 sit
1686 1538 1865 1602 obeso

357 1618 466 1682 Nil
495 1620 708 1682 melius
737 1619 937 1698 turdo,
967 1618 1052 1681 nil
1083 1621 1262 1683 vulva
1289 1622 1597 1705 pulchrius
1629 1624 1847 1707 ampla.

355 1704 662 1769 Nimirum
687 1704 785 1769 hic
812 1726 930 1787 ego
957 1726 1090 1769 sum
1113 1726 1130 1782 ;
1175 1727 1317 1770 nam
1346 1714 1481 1772 tuta
1509 1715 1573 1771 et
1602 1710 1855 1791 parvula
1880 1707 2063 1773 laudo

360 1790 516 1854 Cum
544 1812 643 1855 res
671 1790 984 1871 deficiunt,
1013 1793 1160 1855 satis
1186 1793 1349 1857 inter
1378 1794 1519 1858 vilia
1542 1794 1754 1871 fortis;

355 1875 593 1941 Verum
620 1876 724 1941 ubi
752 1877 899 1961 quid
928 1878 1140 1941 melius
1171 1881 1465 1963 contingit
1492 1887 1557 1943 et
1584 1882 1823 1960 unctius
1851 1881 2014 1946 idem

355 1961 488 2025 Vos
517 1982 728 2045 sapere
759 1969 823 2025 et
851 1964 1004 2027 solos
1033 1964 1128 2027 aio
1155 1964 1309 2029 bene
1341 1966 1567 2046 vivere,
1598 1988 1854 2048 quorum

355 2046 738 2133 Conspicitur
764 2048 970 2113 nitidis
997 2049 1249 2115 fundata
1279 2052 1539 2137 pecunia
1566 2052 1739 2117 villis.

985 2443 1497 2553 'EPIsmoLA
1566 2487 1789 2555 ΧΠ.

351 2658 418 2724 N
419 2676 460 2723 u
487 2660 857 2745 perconteris
883 2658 1108 2724 fundus
1135 2680 1327 2741 meus,
1358 2660 1579 2745 optime
1611 2659 1843 2741 Quinti,

350 2746 524 2811 Arvo
555 2756 764 2831 pascat
790 2750 1004 2811 herum
1035 2767 1114 2811 an
1141 2748 1342 2812 baccis
1372 2747 1685 2831 opulentet
1711 2748 1928 2829 olivae,

351 2830 632 2896 Pomisne
667 2838 732 2895 et
758 2834 948 2918 pratis
977 2854 1056 2896 an
1085 2834 1306 2897 amicta
1331 2834 1553 2897 vitibus
1580 2834 1761 2911 ulm0,

355 2916 671 2982 Scribetur
699 2920 808 2982 tibi
835 2920 1029 2983 forma
1055 2918 1391 3001 loquaciter
1420 2926 1483 2982 et
1512 2920 1661 2983 situs
1692 2919 1843 3003 agri.

352 3002 636 3067 Continui
663 3011 896 3068 montes
923 3004 986 3066 ni
1015 3003 1413 3066 dissocientur
1442 3024 1633 3087 opaca

349 3088 554 3167 Valle,
585 3089 692 3172 sed
722 3099 792 3152 ut
821 3090 1068 3153 veniens
1097 3088 1377 3151 dextrum
1404 3090 1563 3152 latus
1594 3088 1889 3173 adspiciat
1920 3089 2049 3174 Sol,

293 3234 302 3241 .
349 3173 620 3237 Laevum
649 3175 965 3238 discedens
996 3194 1178 3236 curru
1207 3174 1479 3256 fugiente
1510 3181 1777 3258 vaporet.

319 3260 725 3343 -Temperiem
753 3259 982 3323 laudes.
1073 3257 1254 3339 Quid,
1286 3260 1334 3321 si
1366 3260 1701 3325 rubicunda
1728 3261 1975 3345 benigni

350 3344 549 3409 Gorna
579 3366 794 3429 vepres
825 3352 887 3408 et
915 3366 1110 3429 pruna
1138 3346 1360 3424 ferant,
1392 3346 1443 3409 si
1472 3368 1733 3431 quercus
1762 3356 1827 3411 et
1854 3350 1975 3413 ilex

347 3431 558 3495 Multa·
577 3432 754 3515 fruge
785 3452 970 3517 pecus
999 3432 1188 3494 multa
1219 3432 1522 3496 dominum
1542 3435 1721 3517 juvet
1749 3435 1984 3515 umbra,

349 3517 532 3583 Dicas
560 3517 887 3583 adductum
917 3518 1160 3602 propius
1189 3518 1469 3583 frondere
1499 3520 1847 3583 Tarentum.

343 3600 508 3668 Fons
538 3603 718 3668 etiam
747 3604 879 3667 rivo
910 3604 1055 3668 dare
1085 3626 1302 3669 nomen
1329 3606 1604 3683 idoneuS,
1634 3611 1706 3667 ut
1730 3625 1845 3667 nec

344 3688 648 3773 Frigidior
674 3690 974 3755 Thracam
1002 3712 1116 3755 nec
1145 3692 1353 3776 purior
1380 3690 1605 3754 ambiat
1633 3689 1906 3771 HebruS,

345 3773 594 3841 Infirmo
623 3775 807 3863 capiti
835 3777 968 3843 fluit
995 3777 1182 3859 utilis,
1211 3776 1376 3841 utilis
1407 3777 1564 3841 alvo.

2382 1559 2450 1609 40

2371 3456 2431 3506 l·
