2675 4409
895 250 1027 298 nn.
1086 251 1137 299 1.
1187 250 1391 299 urrsr.
1437 252 1547 299 IX..
2138 237 2263 301 193

170 403 515 488 Praestent,
544 362 1027 482 maturetetleat
1053 411 1413 491 repetatque
1442 406 1678 471 relicta.

171 490 372 556 Metiri
401 512 471 556 se
501 512 806 582 quemque
836 512 944 556 suo
972 492 1210 557 modulo
1241 514 1314 556 ac
1344 492 1501 577 pede
1530 513 1741 557 verum
1770 497 1885 557 est.

733 916 1311 1021 *EPISTOLA
1402 918 1672 985 VIII.

159 1090 369 1153 Cnnso
403 1088 674 1174 gaudere
705 1094 769 1153 et
794 1089 950 1154 bene
983 1110 1112 1155 rem
1141 1110 1357 1173 gerere
1384 1090 1767 1156 Albinovano

158 1174 340 1239 Musa
370 1183 589 1260 rogata
616 1176 802 1254 refer,
832 1175 1033 1240 comiti
1062 1176 1414 1259 scribaeque
1451 1176 1735 1240 Neronis.
1817 1214 1825 1221 ·

161 1260 224 1323 Si
253 1270 521 1345 quaeret
549 1261 695 1345 quid
723 1282 923 1345 agam,
952 1261 1052 1325 dic
1104 1262 1294 1327 multa
1323 1267 1388 1324 et
1414 1262 1669 1345 pulchra
1696 1262 2025 1329 minantem

160 1346 392 1411 Vivere
423 1368 540 1411 nec
570 1352 739 1411 recte
768 1368 883 1410 nec
914 1345 1184 1413 suaviter
1197 1370 1219 1423 3
1265 1347 1433 1411 haud
1461 1347 1605 1430 quia
1633 1348 1867 1433 grando

162 1432 527 1497 contuderit
557 1433 710 1496 vites
738 1434 1051 1517 oleamque
1079 1432 1467 1501 momorderit
1505 1441 1731 1514 aestus,
2221 1454 2257 1503 5

159 1517 220 1579 N
221 1539 290 1582 ec
323 1519 478 1603 quia
502 1518 840 1601 longinquis
865 1525 1204 1583 armentum
1233 1524 1511 1602 aegrotet
1538 1520 1600 1583 in
1629 1520 1839 1604 agris;

163 1602 283 1679 Sed
312 1606 467 1687 quia
493 1610 695 1667 mente
725 1605 920 1667 minus
950 1604 1186 1667 validus
1213 1625 1395 1687 quam
1424 1626 1671 1689 corpore
1704 1613 1833 1671 toto

159 1686 260 1753 Nil
291 1690 512 1754 audire
543 1690 743 1768 velim,
772 1689 857 1752 nil
886 1690 1134 1765 discere,
1153 1689 1312 1773 quod
1340 1691 1505 1754 levet
1533 1712 1827 1776 aegrum3

159 1773 320 1838 Fidis
351 1776 626 1841 offendar
654 1774 924 1854 medicis,
952 1776 1182 1839 irascar
1207 1776 1437 1855 amicir„

56 1870 58 1885 '
161 1860 282 1925 cur
310 1878 416 1926 me
447 1861 689 1926 funesto
718 1868 1044 1945 properent
1072 1882 1282 1924 arcere
1321 1869 1612 1940 vetern03
2191 1884 2255 1934 ιο

160 1946 326 2019 Quae
357 1968 628 2011 nocuere
659 1967 902 2031 sequar,
933 1946 1162 2030 fugiam
1192 1968 1349 2031 quae
1380 1949 1617 2031 profore
1648 1948 1893 2013 credam
1916 1966 1937 2028 3
1962 2006 1971 2015 .
2069 2026 2076 2032 ‚

56 2108 58 2117 Ι
159 2029 387 2098 Romae
422 2032 611 2097 Tibur
641 2053 836 2095 amem
864 2040 1170 2111 ventosne,
1200 2033 1425 2097 Tibure
1455 2034 1731 2098 Romam.

161 2116 305 2183 Post
326 2121 487 2183 haec
541 2125 609 2181 ut
639 2118 860 2198 valeat,
890 2140 1009 2202 quo
1041 2125 1232 2202 pacto*
1247 2140 1378 2183 rem
1407 2127 1585 2203 gerat
1613 2126 1676 2184 et
1704 2140 1795 2203 se,

161 2201 248 2267 Ut
275 2207 527 2289 placeat
558 2204 773 2288 juveni
805 2211 1178 2301 ‘percontare
1231 2211 1420 2289 utque
1452 2205 1705 2271 cohorti.

61 2330 68 2337 -
163 2286 224 2352 Si
255 2291 448 2370 dicet,
478 2290 698 2368 Recte,
729 2310 989 2373 prunum
1021 2289 1316 2371 gaudere,
1346 2292 1601 2356 subinde
2191 2305 2253 2356 15

58 2456 60 2461 .
159 2372 568 2460 Praeceptum
597 2375 882 2440 auriculis
909 2375 1022 2439 hoc
1051 2368 1341 2441 iustu-lare
1372 2383 1673 2443 memento
1690 2360 1741 2442 τ’

58 2556 61 2583 Ι
159 2458 243 2525 Ut
269 2469 342 2527 tu
371 2463 680 2527 fortunam
727 2461 815 2527 sic
843 2481 954 2527 nos
984 2467 1068 2543 te,
1101 2460 1301 2543 celse,
1330 2462 1615 2527 feremus.

792 2888 1376 2955 EPISTOLA
1451 2888 1623 2955 IX.

169 3057 540 3141 SEPTIMIUS,
574 3057 812 3140 Claudi,
841 3060 1122 3138 nimirum
1159 3061 1445 3146 intelligit
1472 3082 1628 3125 unus

167 3144 382 3219 Quanti
413 3167 510 3209 me
541 3146 770 3209 facias:
817 3168 958 3210 nam
989 3168 1128 3211 cum
1154 3157 1330 3231 rogat
1360 3157 1425 3213 et
1454 3169 1633 3232 prece
1665 3148 1829 3234 cogit

168 3229 410 3297 Scilicet
439 3238 508 3295 ut
537 3232 646 3295 tibi
674 3252 740 3295 se
769 3232 1020 3295 laudare
1047 3240 1112 3296 et
1141 3234 1383 3297 tradere
1416 3256 1619 3313 coner,

163 3315 426 3401 Dignum
453 3324 654 3381 mente
685 3317 978 3402 domoque
1007 3319 1268 3401 legentis
1297 3321 1551 3385 honesta
1580 3320 1843 3387 Neronis

164 3400 416 3479 Munere
449 3424 587 3466 cum
613 3403 786 3486 fungi
814 3404 1104 3495 propioris
1134 3414 1343 3469 censet
1372 3408 1568 3482 amici,
2218 3426 2249 3473 ῦ

85 3497 93 3507 “
163 3487 320 3561 Quid
349 3490 571 3573 possim
600 3488 766 3551 videt
795 3510 866 3553 ac
897 3490 1064 3553 novit
1092 3511 1188 3553 me
1220 3493 1455 3557 valdius
1476 3493 1625 3576 ipso.

161 3570 356 3638 Multa
386 3574 631 3658 quidem
661 3574 808 3654 dixi,
838 3596 948 3639 cur
977 3583 1298 3641 excusatus
1327 3578 1596 3652 abirem3

165 3659 282 3723 Sed
312 3659 488 3724 timui
538 3680 675 3723 mea
701 3682 779 3724 ne
808 3661 1050 3725 finxisse
1078 3663 1310 3726 minora
1335 3670 1609 3747 putarer,

161 3744 579 3814 Dissimulator
607 3746 1066 3895 ορίετρωρτὶεθ,
1095 3748 1241 3813 mihi
1269 3748 1613 3813 commodus
1642 3745 1766 3811 uni.
