2675 4409
949 663 1026 741 Q.
1072 666 1453 733 HORATII
1508 669 1828 737 FLAOCI

803 908 2037 1046 CARMINUM·

1042 1165 1270 1223 LmER
1295 1136 1739 1229 SECUNDUS.

1231 1396 1545 1445 4..-

1086 1592 1549 1658 GARMEN
1608 1594 1681 1661 1.

681 1836 928 1903 Momm
954 1860 1030 1903 ex
1058 1837 1311 1907 Metello
1342 1843 1585 1907 consule
1614 1843 1873 1911 civicum

679 1924 960 2010 Bellique
992 1947 1204 1993 causas
1234 1937 1299 1994 et
1319 1930 1468 1994 vitia
1497 1938 1561 1993 et
1589 1931 1793 1995 modos

765 2010 1126 2095 Ludumque
1155 2016 1461 2079 Fortunae
1518 2038 1857 2101 gravesque

850 2097 1523 2182 Principum-amicitias
1580 2110 1642 2166 et
1670 2124 1839 2169 arma

675 2180 966 2247 Nondum
997 2186 1250 2269 expiatis
1278 2196 1465 2253 uncta,
1494 2190 1829 2272 crum-ihm,

673 2266 1060 2341 Periculosae
1091 2275 1336 2356 plenum
1364 2298 1513 2361 opus
1544 2278 1737 2357 aleae,

761 2354 1014 2421 Tractas
1060 2366 1124 2421 et
1151 2360 1381 2425 incedis
1412 2386 1520 2447 per
1548 2364 1722 2446 ignes

853 2440 1203 2527 Suppositos
1236 2450 1423 2513 cineri
1453 2451 1677 2514 doloso.

675 2524 954 2591 Paullum
987 2534 1234 2597 se'verae
1265 2534 1449 2599 Musa
1478 2536 1827 2619 tragoediae

675 2613 855 2677 Desit
879 2616 1168 2682 theatris:
1216 2643 1353 2685 mox
1405 2623 1508 2686 ubi
1538 2624 1807 2707 publicas

761 2700 889 2765 Res
918 2704 1211 2769 ordinaris
1264 2709 1495 2791 grande
1524 2732 1743 2775 munus

856 2786 1147 2875 Cecropio
1176 2804 1418 2878 repetes
1449 2797 1763 2879 cothurno,

670 2873 919 2959 Insigne
949 2880 1192 2944 maestis
1223 2883 1587 2963 praesidium
1619 2884 1739 2947 reis

673 2960 760 3024 Et
789 2963 1360 3043 consulenti‚Polli0,
1375 2968 1601 3046 curiae,

761 3046 875 3109 cui
905 3048 1110 3109 laurus
1140 3056 1417 3113 aeternos
1446 3052 1701 3115 honores

842 3132 1183 3196 Delmatico
1214 3136 1451 3218 peperit
1480 3136 1799 3221 triumpho.

668 3214 716 3279 J
717 3236 812 3277 am
840 3238 1000 3281 nunc
1031 3218 1248 3281 minaci
1278 3240 1582 3285 murmure
1615 3243 1905 3289 cornuum

668 3299 1037 3385 Perstringis
1067 3326 1268 3384 aures,
1288 3307 1419 3390 jam
1446 3308 1580 3370 litui
1608 3317 1910 3395 strepunt,

747 3386 798 3451 J
798 3408 894 3450 am
923 3389 1124 3473 fulgor
1152 3412 1452 3457 armorum
1480 3394 1731 3478 fugaces

842 3474 1062 3539 Terret
1089 3498 1274 3561 equos
1306 3480 1695 3566 equitumque
1725 3485 1974 3551 voltus:

665 3556 905 3623 Audire
935 3583 1185 3645 magnos
1203 3564 1334 3649 jam
1365 3566 1575 3631 videor
1602 3568 1791 3637 duces

667 3643 812 3710 Non
841 3646 1123 3714 indecoro
1151 3652 1402 3737 pulvere
1431 3653 1726 3738 sordid0S,

2362 2650 2429 2699 1⁰

2356 3082 2419 3133 15
