2675 4409
279 254 410 319 232
1091 268 1214 317 Ans
1257 256 1549 317 refluos.

281 423 477 488 Omne
506 422 645 485 tulit
672 428 963 507 punctum
1013 422 1118 506 qui
1147 421 1386 487 miscuit
1408 422 1557 486 utile
1588 420 1772 502 dulci,

278 509 597 573 Lectorem
624 508 978 573 delectando
1049 508 1357 591 ariterque
1384 507 1700 571 monendo.

277 595 401 659 Hic
432 600 624 657 meret
654 615 798 659 aera
825 595 976 657 liber
1054 594 1218 672 osiis3
1243 594 1341 657 hic
1372 602 1437 657 et
1464 615 1630 660 mare
1659 592 1878 658 transit
2264 612 2355 663 345

279 680 364 745 Et
389 680 634 763 longum
665 688 804 743 noto
834 680 1108 763 scriptori
1139 686 1421 764 prorogat
1448 701 1683 743 aevum.

283 766 440 831 Sunt
468 765 692 831 delicta
722 774 922 829 tamen
976 766 1190 849 quibus
1219 766 1517 848 ignovisse
1550 764 1838 827 velimus:

277 853 443 916 Nam
471 873 666 935 neque
697 852 922 915 chorda
949 873 1158 915 sonum
1193 851 1393 915 reddit
1422 872 1601 933 quem
1630 851 1760 914 vult
1783 869 1995 915 manus
2026 855 2091 912 et
2117 868 2308 929 mem,

279 938 683 1020 Poscentique
715 958 960 1019 gravem
991 958 1276 1020 persaepe
1308 937 1559 999 remittit
1588 944 1870 1011 acutum3

279 1022 415 1087 Nec
446 1044 683 1105 semper
711 1022 910 1100 feriet,
941 1022 1345 1106 quodcunque
1388 1020 1732 1101 minabitur,
1762 1040 1961 1085 arcus.
2040 1012 2194 1135 -ᾒί
2266 1044 2360 1095 350

278 1109 513 1172 Verum
542 1108 644 1170 ubi
673 1108 847 1191 plura
875 1108 1070 1171 nitent
1102 1107 1166 1173 in
1195 1107 1457 1171 carmine
1505 1128 1626 1170 non
1662 1128 1775 1191 ego
1810 1106 2017 1191 paucis

211 1272 216 1282 ι
244 1194 568 1290 „offendar
598 1194 867 1273 maculis,
899 1214 1048 1276 quas
1077 1200 1185 1256 aut
1211 1193 1446 1257 incuria
1472 1192 1632 1255 fudit

211 1299 216 1364 f
278 1278 413 1345 Aut
441 1281 702 1343 humana
731 1301 942 1363 parum
971 1278 1132 1343 cavit
1159 1288 1398 1343 natura.
1488 1277 1649 1352 Quid
1678 1299 1825 1362 ergo
1852 1276 2083 1343 estin-

201 1389 218 1437 ·:
280 1361 371 1431 Ut
399 1365 654 1449 scriptor
682 1365 732 1429 si
763 1372 978 1449 peccat
1005 1364 1168 1430 idem
1194 1364 1471 1429 librarius
1614 1386 1714 1444 ue,

281 1451 566 1526 Quamvis
597 1462 690 1515 est
719 1448 975 1515 monitus
1028 1450 1204 1516 venia
1232 1458 1444 1529 caret3
1534 1457 1560 1513 t
1588 1448 1990 1525 citharoedus⁴
2262 1472 2357 1522 355

231 1593 240 1616 ς
280 1538 540 1600 Ridetur
591 1535 816 1600 chorda
845 1537 948 1620 qui
977 1558 1214 1620 semper
1243 1536 1484 1627 oberrat
1514 1536 1725 1599 eadem
1748 1556 1769 1598 τ
1826 1578 1829 1583 -
2060 1611 2070 1627 l

229 1643 239 1654 ·
284 1622 385 1687 Sic
415 1622 558 1685 mihi
608 1622 712 1705 qui
741 1623 996 1685 multum
1025 1628 1226 1687 cessat
1276 1622 1347 1685 fit.
1376 1620 1688 1693 Choerilus
1716 1621 1842 1700 ille,
2011 1631 2030 1660 f
2064 1628 2081 1679 3
2154 1642 2206 1681 ιι

281 1707 477 1782 Quem
505 1708 596 1771 bis
626 1716 794 1771 terve
822 1707 1043 1771 bonum
1071 1727 1211 1771 cum
1239 1706 1365 1772 risu
1392 1706 1594 1783 miror,
1624 1713 1689 1771 et
1715 1705 1875 1771 idem

257 1793 572 1877 ¹Indignor
600 1791 958 1877 quandoque
987 1793 1176 1859 bonus
1205 1791 1489 1857 dormitat
1517 1791 1821 1857 Homerus
1844 1810 1863 1868 ;

164 1911 173 1919 ·
283 1878 549 1959 (Verum
582 1877 750 1961 operi
779 1879 957 1961 longo
985 1878 1080 1941 fas
1111 1887 1206 1943 est
1233 1879 1526 1977 obrepere
1556 1878 1875 1962 somnum.)
2262 1898 2355 1949 360

277 1960 374 2024 Ut
402 1961 637 2059 pictura
691 1962 928 2044 poesis:
977 1961 1094 2025 erit
1123 1983 1278 2044 quae
1330 1983 1383 2025 s1
1411 1962 1652 2046 propius
1680 1969 1825 2042 stes),

171 2102 182 2109 .
221 2067 226 2073 ·
277 2045 368 2109 Te
399 2053 598 2129 caplat
625 2046 838 2129 magiS,
867 2054 932 2113 et
959 2048 1257 2131 quaedam
1307 2047 1361 2111 si
1386 2047 1623 2131 longius
1650 2048 1894 2127 abspes:
1924 2066 1932 2078 ‘
1966 2088 1975 2100 ι

163 2178 178 2206 2
211 2152 227 2232 ,ᾗ
252 2125 455 2367 ⁴ffiaec
488 2138 649 2194 amat
679 2132 1019 2215 obscurum,
1048 2134 1212 2199 volet
1240 2134 1395 2199 haee
1424 2136 1537 2199 sub
1566 2135 1703 2199 luce
1734 2135 1951 2216 videri,

207 2324 214 2355 τ
255 2329 262 2367 ι
349 2304 715 2404 aec-placuit
743 2305 949 2384 semel,
979 2305 1130 2369 haec
1159 2304 1361 2372 decies
1390 2306 1647 2390 repetita
1676 2305 2019 2391 placebit.-
2260 2325 2351 2385 3672,

327 2217 516 2281 udicis
545 2224 827 2301 argutum
854 2240 1010 2302 quae
1039 2240 1158 2285 non
1186 2219 1469 2285 formidat
1496 2240 1749 2283 acumen
1773 2241 1791 2297 ;

283 2387 338 2452 O
368 2410 557 2473 major
575 2390 890 2474 juvenum,
920 2390 1190 2473 quamvis
1220 2398 1285 2455 et
1312 2413 1459 2455 voce
1490 2399 1743 2475 paterna

278 2472 558 2557 Fingeris
587 2476 666 2538 ad
698 2482 930 2539 rectum
957 2484 1021 2541 et
1049 2498 1159 2560 per
1186 2484 1248 2541 te
1276 2477 1459 2561 sapis,
1488 2476 1599 2541 hoc
1632 2477 1739 2539 tibi
1769 2476 1997 2548 dictum

279 2560 446 2624 Tolle
476 2582 724 2642 memor,
769 2561 954 2627 certis
995 2560 1260 2625 medium
1301 2573 1368 2628 et
1385 2562 1692 2627 tolerabile
1721 2562 1903 2632 rebus

277 2646 473 2711 Recte
504 2647 772 2713 concedi.
821 2646 1148 2713 consultus
1178 2648 1338 2735 juris
1383 2654 1709 2748 etffietorka

279 2730 645 2797 Caussarum
672 2732 989 2799 mediocris
1017 2734 1188 2797 abest
1215 2716 1439 2799 virtdte
1469 2732 1677 2799 diserti
2262 2754 2355 2806 370

276 2818 578 2883 Messalae
629 2840 743 2884 nec
771 2819 888 2885 scit
914 2825 1206 2903 quantum
1235 2817 1563 2885 Cascellius
1593 2820 1816 2900 Aulus,

281 2902 407 2969 Sed
436 2912 638 2969 tamen
666 2906 730 2969 in
758 2905 952 2989 pretio
979 2911 1076 2969 est
1103 2925 1120 2981 ;
1163 2904 1569 2969 mediocribus
1598 2926 1731 2971 esse
1762 2903 1959 2990 poetis
2010 2936 2026 2949 -

145 2991 156 3001 ⁴
277 2989 420 3053 Non
449 2986 737 3068 homines,
765 3011 886 3052 non
915 2989 1000 3069 di,
1029 3010 1147 3053 non
1177 3010 1525 3065 concessere
1560 2991 1891 3056 columnae.
1912 3020 2004 3049 ...2-
2051 3004 2074 3051 Α.
2110 3053 2115 3061 ,
2154 3042 2195 3077 ,1,

277 3075 371 3139 Ut
399 3082 605 3157 gratas
633 3076 793 3137 inter
821 3072 1058 3138 mensas
1086 3074 1440 3158 symphonia
1468 3073 1693 3137 discors

277 3160 362 3223 Et
391 3179 658 3221 crassum
687 3165 1064 3239 unguentum
1091 3166 1156 3223 et
1188 3156 1384 3223 Sardo
1410 3179 1549 3223 cum
1577 3160 1752 3221 melle
1782 3180 2049 3244 papaver
2088 3171 2092 3183 '
2258 3181 2351 3227 375

189 3292 198 3301 .
278 3242 627 3322 Offendunt,
663 3249 900 3327 poterat
928 3243 1068 3306 duci
1097 3244 1241 3327 quia
1269 3264 1457 3309 coena
1484 3243 1611 3309 sine
1642 3244 1770 3307 istis
1796 3264 1813 3321 ;

279 3327 380 3391 Sic
412 3327 622 3392 animis
650 3335 858 3393 natum
885 3327 1314 3412 inventumque
1346 3331 1559 3413 poema
1577 3330 1885 3412 juvandis,

279 3412 345 3478 Si
376 3416 622 3497 paulum
668 3436 896 3479 summo
925 3414 1204 3494 decessit,
1236 3416 1435 3499 vergit
1464 3416 1542 3479 ad
1570 3416 1773 3479 imum.
1816 3449 1908 3482 κ..
1998 3470 2004 3476 .

274 3500 516 3563 Ludere
548 3500 651 3584 qui
679 3502 894 3582 nescit,
925 3502 1359 3585 campestribus
1387 3501 1648 3565 abstinet
1676 3501 1877 3583 armis,
2033 3551 2043 3577 2
2104 3504 2176 3591 s}-

274 3586 684 3671 Indoctusque
713 3586 867 3677 pilae
899 3586 1121 3653 discive
1153 3588 1428 3657 trochive⁴
1453 3588 1733 3670 quiescit,
2050 3592 2067 3615 ⁸
2215 3525 2349 3661 {a

275 3672 375 3735 Ne
405 3672 630 3757 spissae
659 3672 843 3737 risum
872 3672 1084 3739 tollant
1109 3673 1353 3758 impune
1382 3692 1637 3739 coronae
1664 3695 1681 3737 ε
1840 3703 1854 3733 ι
1898 3718 1933 3743 «.·

279 3756 396 3833 Qui
423 3760 617 3824 nescit
668 3779 876 3826 versus
903 3764 1105 3825 tamen
1134 3760 1318 3829 audet
1344 3761 1599 3855 fingere.
1690 3756 1967 3835 Quidni?
