2675 4409
1021 272 1152 319 ΗΒ.
1181 272 1232 319 1.
1267 272 1468 321 EPIST.
1510 274 1663 321 xm.

293 426 460 503 Quid
492 425 638 491 velit
669 430 733 489 et
759 426 946 511 possit
971 448 1176 490 rerum
1206 428 1525 492 concordia
1554 430 1801 512 discors,

289 513 699 597 Empedocles
729 534 806 575 an
839 512 1191 575 Stertinium
1222 513 1438 576 deliret
1472 536 1742 579 acumen.

290 599 534 662 Verum
565 620 675 661 seu
702 600 896 681 pisces
925 620 1036 661 seu
1064 620 1306 681 porrum
1338 606 1402 662 et
1430 620 1615 684 caepe
1647 602 1911 667 trucidas

289 684 497 749 Utere
530 684 814 766 Pompeio
848 683 1143 767 GrosphO,
1177 690 1240 746 et
1268 686 1319 746 si
1350 686 1493 767 quid
1528 694 1694 769 petet
1744 689 1902 751 ultro

289 770 492 833 Defer
517 792 531 832 :
578 770 663 831 nil
697 768 1004 852 Grosphus
1035 769 1148 832 nisi
1178 792 1389 832 verum
1419 772 1611 835 orabit
1640 779 1702 834 et
1726 794 2011 856 aequum.

289 856 458 919 Vilis
490 857 812 942 amicorum
843 862 937 918 est
965 876 1202 917 annona
1253 856 1421 919 bonis
1450 858 1553 919 ubi
1584 858 1729 940 quid
1765 860 1955 923 deest.

289 942 399 1004 Ne
431 949 633 1004 tamen
661 942 922 1023 ignores.
953 962 1072 1023 quo
1104 940 1182 1003 sit
1211 942 1487 1005 Romana
1514 944 1645 1006 loco
1676 965 1813 1009 res:

291 1026 605 1090 Cantaber
629 1026 960 1110 Agrippae,
1001 1026 1216 1090 Claudi
1246 1027 1469 1090 virtute
1501 1028 1765 1093 Neronis
1834 1066 1846 1079 =

283 1114 624 1177 Armenius
654 1112 908 1189 cecidit3
943 1114 1047 1197 jus
1074 1112 1509 1195 imperiumque
1540 1114 1837 1179 Phraates

291 1198 574 1262 Caesaris
603 1198 840 1281 accepit
861 1198 1115 1281 genibus
1141 1220 1335 1261 mmor
1361 1218 1378 1275 ;
1422 1220 1607 1265 aurea
1633 1202 1843 1287 fruges

285 1284 510 1349 Italiae
539 1284 717 1370 pleno
748 1284 1026 1348 defundit
1057 1284 1248 1369 Copia
1275 1305 1485 1348 cornu.

881 1713 1448 1781 EPIS'I'OLA
1518 1716 1793 1787 XIII.

299 1885 359 1951 U
361 1903 400 1949 'r
427 1886 903 1971 proficiscentem
935 1885 1112 1951 docui
1140 1894 1202 1952 te
1233 1909 1414 1973 saepe
1450 1888 1675 1973 diuque

285 1972 576 2055 Augusto
605 1973 824 2038 reddes
853 1974 1092 2057 signata
1121 1974 1451 2054 volumina,
1476 1974 1646 2055 Vini,

295 2057 369 2122 Si
399 2059 651 2140 validus,
680 2060 732 2123 si
759 2060 954 2123 laetus
983 2061 1122 2141 erit,
1152 2061 1204 2124 si
1233 2060 1493 2144 denique
1524 2066 1763 2145 poscet3

290 2143 398 2207 Ne
428 2145 624 2208 studio
651 2144 840 2209 nostri
865 2166 1084 2229 pecces
1115 2146 1435 2230 odiumque
1462 2147 1679 2211 libellis

293 2228 557 2293 Sedulus
585 2232 870 2316 importes
897 2252 1083 2317 opera
1113 2234 1467 2297 vehemente
1498 2234 1789 2300 minister.

294 2314 370 2379 Si
396 2322 458 2379 te
485 2316 640 2380 forte
667 2338 838 2380 meae
869 2318 1070 2401 gravis
1095 2326 1236 2382 uret
1263 2318 1499 2381 sarcina
1528 2320 1797 2398 chartae,

285 2401 560 2485 Abjicito
591 2402 788 2487 potius
817 2424 1000 2487 quam
1052 2426 1170 2487 quo
1200 2404 1470 2489 perferre
1490 2404 1723 2493 juberis

291 2486 566 2551 Clitellas
592 2490 757 2552 ferus
783 2489 1102 2573 impingaS,
1131 2490 1481 2575 Asinaeque
1512 2498 1831 2575 paternum

291 2571 640 2656 Cognomen
672 2580 874 2638 vertas
902 2576 966 2639 in
995 2576 1179 2639 risum
1209 2584 1272 2639 et
1299 2576 1505 2640 fabula
1530 2578 1663 2639 fias.

287 2659 542 2723 Viribus
569 2660 757 2723 uteris
788 2680 899 2743 per
926 2662 1132 2742 clivoe,
1161 2662 1430 2741 flumina,
1459 2664 1687 2739 lamas3

288 2745 508 2809 Victor
534 2747 817 2831 propositi
847 2745 1022 2810 simul
1049 2768 1120 2811 ac
1152 2748 1497 2832 perveneris
1527 2748 1692 2825 illuc,

289 2830 398 2897 Sic
427 2833 684 2915 positum
713 2833 980 2896 servabis
1009 2854 1180 2911 onus,
1207 2855 1286 2897 ne
1316 2836 1470 2897 forte
1499 2834 1610 2897 sub
1644 2834 1743 2897 ala

286 2917 672 2982 Fasciculum
701 2926 906 3001 portes
931 2919 1218 2983 librorum
1246 2924 1318 2983 ut
1346 2920 1605 2983 rusticus
1636 2939 1882 3004 agnum,

289 3003 384 3067 Ut
411 3005 619 3067 vinosa
647 3005 874 3087 glomus
901 3004 1162 3069 furtivae
1192 3006 1453 3091 Pyrrhia
1480 3007 1678 3087 lanae,

287 3087 386 3152 Ut
415 3110 552 3152 cum
583 3090 795 3173 pileolo
823 3092 1018 3154 soleas
1049 3092 1301 3154 conviva
1342 3092 1595 3154 tribulis.

287 3174 390 3238 Ne
421 3176 603 3258 vulgo
631 3197 862 3255 narres,
893 3183 955 3239 te
989 3176 1295 3239 sudavisse
1325 3176 1575 3240 ferendo

287 3259 596 3339 Carmina,
627 3283 784 3345 quae
814 3263 1044 3345 possint
1071 3264 1272 3325 oculos
1301 3284 1597 3346 auresque
1627 3262 1849 3326 morari

287 3346 608 3423 Caesaris;
655 3354 860 3410 oratus
887 3349 1078 3410 multa
1107 3370 1287 3431 prece
1340 3347 1533 3411 nitere
1574 3370 1772 3433 porr0.

289 3432 494 3513 Vade,
526 3434 684 3514 vale,
715 3454 861 3497 cave
889 3456 968 3497 ne
997 3435 1220 3499 titubes
1249 3435 1654 3519 mandataque
1682 3434 1953 3515 frangas.

981 3686 1108 3755 17·

2254 260 2381 327 197

2324 543 2394 591 20

2318 2683 2379 2733 lc

2317 3110 2378 3161 15
