2675 4409
1791 82 1858 158 ι

353 253 484 319 192
630 344 652 355 ..
721 285 734 294 ·
1121 247 1126 252 ’
1169 269 1611 320 nrm-omnm

353 421 444 486 Et
469 443 791 508 properare
818 423 950 488 loco
978 428 1043 487 et
1069 442 1307 487 cessare
1337 429 1403 487 et
1430 442 1722 508 quaerere
1756 425 1827 486 et‘
1846 421 1960 504 uti,

292 512 296 516 '
355 506 736 573 Gaudentem
763 509 1082 593 parvisque
1111 509 1409 572 sodalibus
1438 515 1503 572 et
1529 509 1656 572 lare
1686 513 1851 571 certo

352 591 438 657 Et
464 593 620 658 ludis
649 600 713 656 et
739 600 874 676 post
901 593 1104 657 decisa
1129 595 1373 676 negotia
1402 593 1647 676 Campo·

352 683 393 715 “
425 678 644 741 Scitari
669 679 817 742 libet
843 700 920 742 ex
946 679 1075 762 ipso
1105 679 1761 761 quodcunque=refers;
1807 678 1904 741 dic
2353 694 2421 746 eo
2450 683 2469 712 ⁸

243 832 254 840 ,
349 762 456 826 Ad
487 783 731 826 coenam
760 763 1025 827 veniat.”
1113 763 1179 828 N
1180 786 1258 827 on
1277 785 1431 828 ,sane
1462 763 1709 828 credere
1741 762 1950 842 Mena,

349 845 563 912 Mirari
591 869 795 912 secum
823 849 1058 913 tacitus.
1151 848 1310 922 Quid
1337 847 1569 911 multa?
1658 853 1698 884 “
1714 845 2056 930 Benigne,''

181 991 188 998 .
345 931 716 1016 Respondet.
793 938 834 972 “
856 933 1065 1017 Neget
1091 935 1191 998 ille
1220 935 1366 996 mihi
1385 933 1411 996 ’ἓ
1429 933 1469 965 ”
1547 937 1587 970 “
1610 932 1819 1014 Negat
1845 931 2147 1016 improbus
2178 935 2243 996 et
2268 935 2333 995 te

295 1045 305 1054 ·
347 1016 413 1080 N
415 1019 626 1101 egligit
653 1025 759 1082 aut
785 1019 1053 1087 horret.”
1129 1018 1439 1082 Volteium
1466 1038 1643 1080 mane
1674 1017 1993 1102 Philippus

287 1102 330 1158 ’ἱ
345 1099 514 1168 Vilia
542 1104 898 1169 vendentem
929 1103 1194 1169 tunicato
1225 1110 1431 1168 scruta
1458 1104 1690 1188 popello
2352 1119 2418 1170 ⁰5
2496 1175 2509 1184 .
2608 1178 2621 1186 .

350 1185 627 1272 Occupat
650 1195 718 1252 et
743 1178 977 1252 salvere
995 1190 1174 1273 jubet
1201 1189 1382 1273 prior.
1476 1189 1589 1262 Ille
1620 1188 1895 1273 Philippo

346 1271 658 1337 Excusare
686 1274 951 1355 laborem
971 1281 1043 1338 ‘et
1069 1274 1443 1338 mercenaria
1470 1273 1689 1353 vincla,

346 1355 521 1430 Quod
549 1380 669 1433 non
696 1380 870 1434 mane
901 1359 1140 1424 domum
1168 1361 1451 1438 venisset,
1481 1353 1737 1442 denique
1768 1356 1930 1442 quod
1956 1374 2075 1422 non
2146 1371 2177 1386 ‘²

344 1441 716 1508 Providisset
743 1465 900 1506 eum.
953 1505 958 1508 ,
990 1449 1031 1482 “
1057 1443 1159 1508 Sic
1187 1445 1487 1528 ignovisse
1516 1450 1725 1526 putato

343 1525 452 1590 Me
484 1527 590 1591 tibi
619 1528 670 1592 si
699 1549 914 1593 coenas
941 1528 1117 1593 hodie
1146 1529 1449 1592 mecum.''
1522 1532 1563 1566 ‘⁶
1586 1528 1678 1591 Ut
1704 1527 1919 1590 libet.''
1941 1548 1975 1572 ν
1992 1530 2034 1565 “
2057 1527 2222 1610 Ergo
2350 1544 2417 1592 ‘70

344 1610 494 1674 Post
526 1633 740 1676 nonam
769 1613 1010 1677 venies:
1057 1634 1218 1676 nunc
1247 1614 1290 1692 i,
1320 1635 1449 1676 rem
1478 1617 1758 1674 strenuus
1788 1613 2009 1695 auge.'’

344 1694 437 1759 Ut
463 1704 709 1760 ventum
739 1698 817 1761 ad
847 1717 1094 1760 coenam
1122 1705 1236 1777 est,
1267 1698 1525 1762 dicenda
1552 1696 1810 1760 tacenda
1835 1698 2075 1762 locutus

345 1779 616 1844 Tandem
647 1781 964 1845 dormitum
993 1783 1328 1846 dimittitur.
1416 1781 1539 1846 Hic
1569 1781 1671 1844 ubi
1700 1801 1881 1866 saepe

346 1864 668 1930 Occultum
697 1869 858 1933 visus
888 1867 1210 1932 decurrere
1241 1867 1421 1952 piscis
1451 1867 1528 1931 ad
1556 1867 1797 1930 hamum

342 1949 530 2014 Mane
563 1953 748 2028 cliens
779 1962 844 2016 et
860 1953 989 2037 jam
1019 1959 1218 2016 certus
1248 1953 1519 2031 conviva,
1538 1952 1790 2035 jubetur
2349 1970 2413 2018 75

341 2034 514 2098 Rura
541 2037 883 2102 suburbana
909 2038 1146 2101 indictis
1177 2059 1374 2102 comes
1402 2038 1489 2101 ire
1520 2036 1770 2100 Latinis.

340 2117 662 2204 Impositus
691 2123 922 2186 mannis
950 2144 1157 2187 arvum
1189 2124 1540 2206 caelumque
1569 2119 1855 2185 Sabinum
1938 2161 1944 2167 ·

299 2229 314 2242 ·
341 2202 408 2266 N
409 2227 484 2268 on
515 2215 712 2272 cessat
739 2209 1006 2273 laudare.
1100 2207 1294 2272 Videt
1321 2208 1597 2292 ridetque
1630 2206 1963 2291 Philippus,

341 2287 428 2352 Et
455 2291 568 2355 sibi
596 2293 735 2356 dum
766 2294 1059 2378 requiem,
1089 2294 1230 2357 dum
1260 2293 1415 2357 risus
1444 2292 1708 2376 undique
1739 2292 1997 2374 quaerit,

342 2372 507 2440 Dum
536 2387 766 2462 septem
797 2379 981 2442 donat
1009 2380 1306 2458 sestertia,
1335 2385 1546 2441 mutua
1574 2384 1806 2459 septem
2269 2435 2274 2440 .
2346 2397 2411 2446 so

341 2457 667 2542 Promittit‚
696 2465 1021 2548 persuadet
1049 2463 1138 2526 uti
1164 2470 1469 2526 mercetur
1497 2463 1775 2544 agellum.

339 2543 668 2611 Mercatur.
757 2549 858 2612 Ne
889 2555 950 2612 te
979 2549 1171 2631 longis
1201 2547 1548 2632 ambagibus
1577 2546 1737 2608 ultra

341 2628 536 2703 Quam
563 2633 712 2697 satis
740 2642 834 2699 est
859 2656 1078 2713 morer,
1110 2655 1186 2698 ex
1213 2632 1400 2697 nitido
1429 2634 1499 2698 fit
1527 2631 1785 2696 rusticus
1815 2637 1996 2714 atque

221 2789 232 2794 „
341 2713 551 2781 Sulcos
582 2725 645 2782 et
673 2719 872 2784 vineta
901 2724 1109 2804 crepat
1135 2739 1338 2797 mera3
1383 2717 1938 2804 praeparatulmos,

337 2800 682 2866 Immoritur
709 2805 920 2868 studiis
950 2812 1013 2868 et
1041 2826 1240 2870 amore
1271 2805 1531 2868 senescit
1556 2801 1836 2866 habendi.
2340 2821 2405 2877 35

335 2885 571 2956 Verum
599 2889 702 2950 ubi
730 2910 872 2954 oves
899 2890 1083 2968 farte,
1111 2891 1314 2952 morbo
1343 2891 1575 2972 periere
1606 2887 1909 2971 capellae,
2073 2909 2120 2974 ng
2159 2919 2179 2934 ·

341 2968 524 3053 Spem
547 2973 804 3036 mentita
831 2994 1028 3056 sege8‚
1057 2973 1162 3036 bos
1193 2979 1286 3036 est
1314 2981 1561 3036 enectus
1592 2971 1837 3052 arando,
1959 2994 1965 3004 ’
2016 3005 2023 3013 ·

339 3053 618 3123 Offensus
647 3056 877 3120 damnis
907 3057 1104 3120 media
1131 3057 1206 3120 de
1236 3064 1413 3120 nocte
1444 3057 1739 3120 caballum

341 3139 582 3223 Arripit
607 3141 914 3222 iratusque
947 3141 1208 3224 Philippi
1236 3141 1433 3203 tendit
1460 3141 1537 3204 ad
1568 3140 1765 3204 aedes·
2114 3205 2125 3224 ‚

337 3222 533 3296 Quem
562 3225 733 3287 simul
765 3225 1040 3307 adspexit
1067 3225 1345 3287 scabrum
1372 3226 1789 3308 intonsumque
1819 3225 2176 3312 Phillippus,
2340 3247 2406 3296 90

335 3312 377 3346 “
401 3307 673 3388 Duru8,'’
705 3309 812 3390 ait,
839 3315 876 3348 “
899 3308 1126 3389 Voltei‚
1155 3309 1330 3372 nimis
1360 3316 1741 3392 attentusque
1771 3311 1991 3374 videris

334 3391 487 3457 Esse
511 3394 719 3457 mihi.'’
807 3398 849 3432 “
877 3394 987 3458 Pol
1015 3415 1110 3457 me
1140 3395 1443 3474 miserum,
1473 3402 1745 3478 patrone,
1776 3416 2040 3476 vocareS,

338 3477 404 3543 Si
434 3480 686 3559 velleS,''
717 3480 778 3544 in
821 3481 932 3559 uit,
962 3485 1003 3517 ‘⁶
1029 3501 1236 3544 verum
1265 3480 1409 3542 mihi
1438 3501 1657 3564 ponere
1688 3479 1933 3546 nomen!

336 3564 511 3638 Quod
540 3572 602 3628 te
632 3587 742 3650 per
835 3567 1033 3630 eninm
1063 3565 1456 3650 dextramque
1487 3565 1748 3649 deosque
1779 3566 2041 3632 Penates

336 3649 604 3714 Obsecro
633 3659 697 3714 et
725 3652 1010 3732 obtestor,
1039 3651 1200 3716 vitae
1227 3672 1325 3715 me
1354 3651 1543 3715 redde
1574 3651 1826 3735 priori.''
2268 3731 2271 3733 Α
2339 3673 2403 3722 95

336 3731 454 3807 Qui
483 3738 668 3801 semel
697 3737 973 3823 adspexit
1001 3745 1293 3822 quantum
1322 3737 1566 3802 dimissa
1588 3737 1793 3822 petitis
