2675 4409
13 1929 44 1954 Α,
59 1873 240 1963 ι.)χ,,ὂ,,λ’”
285 1877 370 1939 Et
400 1877 601 1939 docuit
628 1897 1030 1960 magnumque
1060 1877 1116 1939 lo

279 254 404 318 230
556 288 565 293 -
1089 265 1212 314 Ans
1253 254 1543 314 PofiTIGA.

279 425 423 488 Non
454 422 646 507 quivis
674 421 841 486 videt
867 420 1253 485 immodulata
1279 426 1561 505 poemata
1579 418 1794 503 judex,

283 511 368 574 Et
397 510 540 572 data
569 509 854 572 Romanis
884 508 1060 572 venia
1089 515 1184 571 est
1209 508 1456 592 indigna
1484 507 1698 590 poetis.

284 596 598 658 Idcircone
629 616 817 678 vager
845 615 908 656 sc
942 595 956 607 ‘
1040 615 1218 677 mque
1247 592 1551 657 licenter?
1591 613 1669 656 an
1699 609 1907 655 omnes

282 681 537 744 Visuros
565 688 816 764 peccata
845 703 884 764 p
955 701 987 742 e
1142 701 1234 757 ea,
1245 687 1411 742 tutus
1442 686 1505 742 et
1531 679 1691 742 intra

286 766 471 850 Spem
500 766 710 829 veniae
741 764 1004 829 cautus?
1093 765 1303 829 Vitavi
1333 766 1589 848 denique
1622 765 1881 846 culpam,

283 853 425 915 Non
457 851 696 914 laudem
724 852 936 914 merui.
1025 850 1156 914 Vos
1185 851 1547 934 exemplaria
1577 849 1883 939 Graecagm

1991 927 2025 950 ἢ

2121 859 2197 898 μ

282 938 600 1001 Nocturna
628 944 864 1001 versate
891 958 1096 1016 manu,
1126 945 1364 1000 versate
1395 936 1631 999 diurna.
1776 947 1863 1040 ᾖς
1884 945 1949 998 υ
2115 925 2229 994 ‘22²2

283 1025 376 1086 At
403 1023 588 1088 vestri
616 1024 823 1107 proavi
851 1023 1159 1086 Plautinos
1190 1029 1253 1085 et
1279 1042 1558 1085 numeros
1588 1027 1652 1085 et

283 1108 637 1172 Laudavere
667 1111 856 1180 sales:
875 1096 1120 1171 nime
1149 1108 1448 1192 patienter
1475 1107 1847 1189 utrumque}

283 1195 384 1258 Ne
415 1195 612 1260 dicam
639 1196 821 1258 stulte
871 1193 1092 1270 mirati,
1122 1193 1174 1257 si
1202 1193 1381 1258 modo
1411 1213 1525 1276 ego
1556 1199 1619 1256 et
1649 1213 1755 1256 vos
1821 1200 1833 1219 ⁴

285 1279 521 1362 Scimus
548 1281 906 1344 inurbanum
933 1279 1132 1364 lepido
1160 1299 1449 1364 seponere
1481 1279 1642 1342 dicto
1809 1281 1828 1358 ’-

283 1365 764 1449 Legitimumque
795 1386 1004 1429 sonum
1034 1365 1235 1446 digitis
1262 1367 1549 1428 callemus
1580 1370 1643 1427 et
1674 1381 1843 1427 aure.

276 1448 570 1534 Ignotum
598 1452 871 1536 tragicae
902 1471 1096 1534 genus
1123 1450 1425 1515 invenisse
1460 1448 1766 1513 Camenae
1804 1443 1885 1536 ἐς]
1928 1474 1933 1483 ’
1968 1486 1975 1494 ·
2011 1489 2018 1494 ·
2053 1451 2081 1504 Ἀ
2118 1515 2167 1534 ⁴,

281 1535 524 1598 Dicitur
553 1542 616 1598 et
643 1535 924 1618 plaustris
955 1535 1184 1597 vexisse
1215 1540 1493 1618 poemata
1521 1535 1795 1616 Thespis,
1947 1523 2077 1607 ζᾌ
2097 1527 2140 1602 ’δ

287 1619 458 1692 Quae
490 1627 779 1683 canerent
808 1627 1179 1702 agerentque
1209 1619 1487 1703 peruncti
1514 1619 1781 1682 faecibus
1810 1639 1936 1684 ora.

274 1705 433 1768 ‘Post
459 1706 619 1806 hunc
649 1725 938 1788 personae
967 1705 1281 1788 pallaeque
1310 1711 1583 1788 repertor
1610 1705 1895 1768 honestae

282 1790 628 1874 Aeschylus
658 1797 722 1854 et
749 1789 993 1854 modicis
1022 1789 1300 1853 instravit
1310 1791 1557 1938 fflnlpita
1584 1789 1765 1873 tignis

1159 1877 1221 1950 ui
1249 1875 1311 1951 ni
1400 1897 1477 1963 ue
1510 1878 1819 1940 cothurno.
1863 1944 1869 1954 ,,
1913 1939 1917 1946 ,

13 1955 30 2050 θ’
163 2029 176 2046 2
218 1934 596 2036 {⁶‘Successit
625 1971 798 2025 vetus
827 1961 918 2024 his
949 1897 1366 2036 comtisqffiaiib‘·
1411 1954 1555 2025 ‘sine
1584 1962 1775 2026 multa

13 2051 154 2123 ἱ,

835 2025 895 2049 μ.-
1091 2030 1154 2046 η..-

287 2046 524 2123 Laude3
549 2047 658 2110 sed
688 2047 751 2109 in
779 2047 988 2110 vitium
1014 2047 1059 2108 li
1101 2053 1262 2134 ertas
1292 2047 1515 2111 excidit
1544 2055 1607 2111 et
1637 2049 1758 2110 vim
1858 2039 1895 2058 '²

285 2130 548 2214 Dignam
577 2133 712 2216 lege
742 2133 912 2216 regi:
959 2119 1058 2196 lex
1125 2125 1463 2218 st‘accepta
1514 2135 1849 2218 chorusque

287 2217 570 2302 Turpiter
597 2220 846 2282 obticuit
873 2220 1105 2282 sublato
1125 2220 1264 2303 jure
1293 2219 1570 2283 nocendi.
1884 2230 1927 2257 ¹·‘·
1987 2226 1998 2257 ²

285 2301 397 2364 Nil
426 2304 790 2367 intentatum
819 2305 1010 2367 nostri
1038 2305 1270 2388 liquere
1301 2309 1545 2390 poetae,

286 2387 423 2451 'Nec
455 2389 761 2451 minimum
790 2410 1064 2453 meruere
1095 2390 1280 2453 decus
1333 2413 1383 2466 v,
1412 2392 1487 2452 sti
1530 2391 1591 2453 'a
1618 2387 1859 2454 Graeca

284 2474 444 2538 Ausi
474 2474 753 2538 deserere
779 2481 844 2538 et
871 2474 1176 2538 celebrare
1209 2462 1427 2539 donnes
1456 2413 1747 2555 ἓξΐαοω,

285 2559 409 2624 Vel
441 2561 546 2645 qui
573 2567 917 2644 praetextas
949 2562 1047 2625 vel
1076 2561 1180 2644 qui
1211 2561 1758 2644 docuere-,togatas

285 2645 422 2712 Nec
453 2647 673 2710 virtute
703 2647 861 2712 foret
889 2647 1141 2711 clarisve
1171 2648 1471 2732 potentius
1501 2647 1682 2711 armis
1698 2677 1743 2741 ς

287 2730 483 2804 Quam
511 2733 718 2816 lingua
771 2733 1034 2813 Latium,
1064 2734 1115 2796 si
1142 2755 1262 2797 non
1291 2734 1621 2798 offenderet
1648 2735 1835 2799 unum

287 2817 600 2901 Quemque
631 2823 946 2902 poetarum
975 2819 1151 2882 limae
1180 2820 1349 2882 labor
1379 2827 1441 2883 et
1467 2840 1653 2884 mora.
1689 2818 1897 2918 NVOE,
1926 2839 1963 2883 0

286 2904 612 2986 Pompilius
642 2905 905 2986 sanguis,
937 2925 1181 2967 carmen
1209 2905 1632 2986 reprehendite
1686 2905 1847 2988 quod
1874 2925 1996 2969 non

285 2988 486 3052 Multa
515 2989 644 3052 dies
673 2995 736 3050 et
764 2991 952 3052 multa
978 2989 1161 3051 litura
1189 2989 1489 3068 coercuit,
1508 2998 1702 3072 atque·

287 3075 637 3138 Perfectum
667 3072 868 3135 decies
897 3095 1016 3135 non
1046 3074 1366 3156 castigavit
1394 3074 1473 3137 ad
1502 3097 1787 3158 unguem.
1811 3085 1895 3154 V

286 3159 606 3242 Ingenium
634 3159 853 3220 misera
888 3158 1030 3240 quia
1061 3158 1421 3222 fortunatius
1457 3166 1587 3223 arte

289 3244 500 3309 Credit
529 3249 592 3306 et
622 3243 887 3306 excludit
915 3263 1089 3306 sanos
1120 3243 1413 3308 Helicone
1444 3246 1651 3329 poetas

287 3331 692 3408 DemocrituS‚
720 3329 878 3392 bona
905 3349 1046 3413 pars
1074 3350 1194 3392 non
1222 3351 1457 3412 ungues
1486 3352 1709 3414 ponere
1742 3337 1937 3413 curat,

287 3418 430 3482 Non
458 3395 726 3495 bffiffiliam,
757 3423 994 3480 secreta
1021 3416 1173 3498 petit
1199 3416 1353 3494 loca,
1382 3417 1599 3480 balnea
1626 3417 1797 3480 vitat.

287 3505 354 3568 N
356 3503 692 3567 anciscetur
721 3504 878 3566 enim
908 3503 1167 3587 pretium
1193 3523 1529 3585 nomenque
1560 3507 1801 3586 poetae,

291 3591 359 3654 Si
389 3591 577 3653 tribus
609 3589 922 3674 Anticyris
953 3596 1135 3673 caput
1292 3590 1491 3651 -nabile
1522 3611 1831 3672 nunquam

1261 3610 1293 3652 a

289 3677 538 3740 Tonsor-i
567 3675 776 3738 Licino
807 3610 1334 3824 commiseritQO
1368 3697 1481 3759 ego
1508 3676 1738 3755 laevus,

291 3761 409 3834 Qui
438 3783 662 3844 purgor
688 3761 869 3824 bilem
895 3762 1006 3824 sub
1035 3763 1206 3826 verni
1299 3761 1517 3846 mporis
1544 3762 1751 3826 horam
1776 3761 1792 3828 l

2270 2754 2365 2803 290
