2675 4409
329 289 416 351 2¹22

1199 301 1234 346 C
1242 299 1546 345 ARMINUM

671 455 1136 520 Desiderantem
1164 452 1324 537 quod
1354 452 1499 515 satis
1530 456 1623 514 est
1649 469 1846 532 neque

671 542 1127 605 Tumultuosum
1159 539 1441 601 sollicitat
1468 558 1655 614 mare,

763 625 826 688 N
831 646 900 687 ec
931 624 1431 692 saevus,Arctu1-i
1459 621 1728 685 cadentis

849 710 1119 793 Impetus
1175 716 1280 773 aut
1309 708 1554 771 orientis
1584 704 1810 785 Haedi,

675 796 818 861 Non
847 796 1198 857 verberatae
1229 795 1519 877 grandine
1549 792 1759 854 vineae

673 882 1045 965 Fundusque
1076 880 1354 955 mendax,
1386 880 1599 941 arbore
1629 896 1791 939 nunc
1822 894 2014 960 aquas

763 966 1060 1049 culpante
1113 987 1272 1027 nunc
1302 964 1593 1027 torrentia
1622 982 1797 1045 agros

849 1051 1064 1115 Sidera
1113 1072 1272 1113 nunc
1302 1050 1528 1112 hiemes
1556 1040 1863 1135 iniqua&

681 1135 1008 1200 Contracta
1036 1136 1229 1217 pisces
1259 1156 1521 1217 aequora
1551 1133 1819 1213 sentiunt

671 1222 870 1286 Jact-is
899 1222 961 1297 in
991 1224 1176 1284 altum
1207 1220 1457 1283 molibus
1484 1240 1500 1295 ;
1545 1220 1663 1282 huc
1702 1218 1987 1301 frequens

765 1267 1094 1371 Cafflenta
1123 1306 1383 1369 demittit
1422 1306 1765 1388 redempt-or
1994 1316 2005 1325 ·

852 1391 1006 1456 Cum
1037 1392 1273 1455 famulis
1326 1391 1715 1473 dominusque
1747 1396 1945 1452 terrae

675 1476 1062 1540 Fastidiosus.
1117 1474 1243 1539 Sed
1272 1476 1473 1538 Timor
1502 1483 1565 1538 et
1592 1475 1799 1537 Minae

679 1560 996 1625 Scandunt
1025 1562 1233 1625 eodem
1287 1581 1407 1643 quo
1436 1560 1728 1641 dominus,
1786 1576 1985 1642 neque

764 1646 1027 1711 Decedit
1056 1653 1262 1709 aerata
1287 1646 1539 1724 triremi,
1568 1652 1633 1707 et

849 1729 1000 1794 Post
1027 1731 1290 1814 equitem
1319 1730 1493 1793 sedet
1521 1738 1653 1793 atra
1684 1728 1867 1792 Cura.

679 1812 907 1887 Quodsi
957 1816 1260 1879 dolentem
1289 1835 1405 1878 nec
1440 1816 1744 1899 Phrygius
1773 1812 1927 1899 lapis

677 1899 814 1963 Nec
845 1923 1245 1985 purpurarum
1273 1901 1468 1965 sidere
1502 1902 1717 1965 clarior

663 2007 676 2014 ²
764 1984 1012 2050 Delenit
1041 2008 1183 2051 usus
1238 2008 1352 2049 nec
1382 1986 1643 2050 Falerna.

849 2070 1013 2139 Vitis
1067 2072 1660 2155 Achaemeniumque
1692 2076 1948 2154 costum,

681 2154 809 2219 Cur
835 2154 1168 2221 invidendis
1199 2158 1463 2241 postibus
1494 2165 1556 2219 et
1583 2176 1735 2219 novo

681 2239 947 2306 Sublime
979 2243 1099 2306 ritu
1129 2244 1336 2306 moliar
1366 2242 1581 2305 atrium
1606 2240 1632 2303 ⁸?

769 2325 896 2391 Cur
924 2330 1078 2391 valle
1112 2336 1445 2412 permutem
1479 2326 1701 2390 Sabina.

849 2412 1106 2478 Divitias
1135 2410 1553 2497 operosiores?

1061 2836 1709 2929 GARMENII.

677 3000 1046 3089 ANGUSTAssu
1078 3006 1266 3077 amice
1296 3005 1643 3089 pauperiem
1669 3004 1795 3090 pati

678 3090 984 3154 Robustus
1015 3090 1140 3153 acri
1168 3091 1381 3153 militia
1407 3112 1559 3171 puer

759 3174 1102 3253 Condiscat‚
1135 3181 1198 3237 et
1225 3175 1483 3237 Parthos
1512 3175 1743 3238 feroces

850 3259 1053 3324 Vexet
1083 3281 1272 3343 eques
1301 3259 1660 3323 metuendus
1688 3262 1885 3339 hasta,

677 3343 1008 3429 Vitamque
1038 3346 1148 3409 sub
1179 3345 1316 3407 divo
1344 3351 1408 3407 et
1437 3345 1691 3429 trepidis
1721 3351 1868 3429 agat

679 3428 756 3493 In
786 3432 982 3495 rebus.
1074 3430 1252 3519 Illum
1279 3449 1357 3493 ex
1378 3432 1683 3495 moenibus
1710 3429 1956 3495 hosticis

765 3516 1052 3579 Matrona
1079 3516 1355 3579 bellantis
1386 3517 1626 3599 tyranni

856 3602 1234 3685 Prospiciens
1265 3610 1327 3665 et
1361 3601 1568 3665 adulta
1600 3602 1767 3683 virgo

681 3684 975 3770 Suspiret,
1007 3689 1182 3766 eheu,
1250 3710 1326 3751 ne
1359 3687 1525 3749 rudis
1556 3687 1861 3769 agminum

681 3770 946 3857 Sponsus
975 3774 1232 3839 lacessat
1260 3773 1464 3857 regius
1495 3793 1772 3856 asperum

2352 1743 2425 1793 40

2364 3790 2422 3837 lo
