2675 4409
304 243 432 308 106

1092 259 1346 308 EPODON
1387 262 1602 308 LIBER.

630 416 777 492 ‚Qua
807 421 1159 479 muneretur
1185 419 1271 492 te,
1300 414 1548 499 Priape,
1579 419 1644 478 et
1675 418 1758 494 te,
1788 417 1956 499 pater

729 501 992 580 Silvano,
1022 509 1186 564 tutor
1211 501 1419 563 finium
1444 499 1460 566 l

642 586 823 650 Libet
839 588 1049 669 jacere
1100 585 1274 649 modo
1303 585 1414 650 sub
1446 584 1694 670 antiqua
1721 584 1882 665 ilice,

725 671 910 735 Modo
939 672 1003 734 in
1032 672 1229 735 tenaci
1258 672 1549 754 gramine.

639 757 955 824 Labuntur
987 758 1122 820 altis
1150 758 1392 822 interim
1421 758 1563 841 ripis
1594 777 1810 841 aquae,

728 839 1078 918 Queruntur
1104 842 1167 905 in
1196 843 1360 906 silvis
1389 863 1554 922 aves,

641 927 991 1012 Fontesque
1034 928 1297 1012 lymphis
1346 929 1697 1011 obstrepunt
1723 925 2126 1007 manantibus,

732 1013 980 1077 Somnos
1002 1013 1163 1096 quod
1190 1013 1406 1076 invitet
1434 1014 1617 1076 leves.

644 1097 735 1165 At
769 1121 912 1163 cum
957 1098 1217 1164 tonantis
1262 1117 1458 1162 annus
1486 1099 1770 1162 hibernus
1799 1096 1846 1162 J
1847 1098 1974 1164 ovis

728 1184 963 1248 Imbres
992 1183 1277 1270 nivesque
1308 1191 1638 1268 comparat,

636 1271 776 1338 Aut
803 1269 993 1334 trudit
1021 1290 1191 1333 acres
1221 1270 1360 1333 hinc
1391 1277 1454 1332 et
1481 1269 1620 1332 hinc
1653 1269 1843 1334 multa
1871 1287 2022 1334 cane

724 1356 927 1439 Apros
955 1356 1017 1420 in
1047 1354 1352 1420 obstantes
1381 1356 1611 1438 plagas,

636 1440 773 1505 Aut
800 1440 979 1504 amite
1008 1441 1128 1502 levi
1161 1461 1300 1503 rara
1329 1441 1525 1503 tendit
1552 1440 1728 1520 retia,

732 1526 950 1588 Turdis
981 1525 1263 1587 edacibus
1293 1525 1480 1603 dolos,

640 1610 1058 1691 Pavidumque
1087 1610 1351 1691 leporem
1381 1605 1445 1672 et
1473 1610 1767 1674 advenam
1791 1609 2011 1694 laqueo
2039 1629 2251 1694 gruem

726 1695 771 1758 J
774 1694 1013 1758 ucunda
1035 1700 1239 1776 captat
1269 1695 1553 1778 praemia.

644 1778 793 1854 Quis
821 1801 939 1841 non
968 1780 1258 1842 malarum
1310 1801 1460 1862 quas
1491 1802 1658 1844 amor
1685 1800 1860 1844 curas
1879 1779 2064 1845 habet

722 1865 898 1929 Haec
927 1865 1085 1927 inter
1113 1863 1530 1930 obliviscitur?

641 1947 871 2024 Quodsi
912 1951 1137 2034 pudica
1170 1951 1384 2014 mulier
1411 1950 1474 2014 in
1502 1958 1734 2036 partem
1753 1950 1934 2036 juvet

727 2035 985 2098 Domum
1016 2043 1199 2118 atque
1230 2037 1436 2100 dulces
1465 2037 1705 2117 liberOS,

645 2117 869 2184 Sabina
898 2121 1089 2203 qualis
1118 2129 1224 2184 aut
1253 2129 1498 2206 perusta
1525 2123 1744 2186 solibus

725 2207 997 2270 Pernicis
1024 2229 1175 2271 uxor
1202 2206 1415 2290 Apuli,

644 2289 897 2356 Sacrum
925 2292 1177 2358 vetustis
1192 2291 1649 2376 exstruatlignis
1676 2292 1878 2356 focum

721 2377 895 2444 Lassi
922 2379 1033 2440 sub
1060 2379 1388 2440 adventum
1416 2378 1558 2459 viri,

639 2460 1059 2544 Olaudensque
1091 2464 1269 2526 textis
1298 2463 1559 2526 cratibus
1585 2463 1811 2526 laetum
1839 2481 2026 2547 poem

719 2547 1002 2611 Distenta
1028 2547 1215 2612 siccet
1243 2549 1454 2626 ubera,

638 2631 725 2698 Et
752 2635 941 2697 horna
961 2632 1121 2698 dulci
1152 2634 1292 2697 vina
1319 2654 1595 2718 promens
1623 2632 1780 2699 dolio

720 2719 927 2803 Dapes
944 2719 1250 2805 'inemptas
1281 2726 1573 2804 apparete

638 2803 781 2868 Non
810 2827 907 2868 me
935 2804 1199 2870 Lucrina
1216 2806 1490 2891 juverint
1519 2804 1834 2891 conchylia

719 2888 996 2972 Magisve
1028 2893 1309 2955 rhombus
1338 2899 1445 2956 aut
1473 2892 1650 2970 scari,

638 2971 704 3040 Si
737 2996 887 3056 quos
917 2974 1059 3038 Eois
1087 2977 1359 3039 intonata
1380 2977 1660 3040 fluctibus

717 3059 932 3123 Hiems
962 3061 1040 3122 ad
1069 3062 1181 3123 hoc
1212 3068 1411 3123 vertat
1438 3081 1602 3122 mare
1628 3078 1646 3135 ;

633 3143 701 3209 N
702 3165 777 3207 on
808 3145 964 3208 Afra
992 3144 1119 3214 avis
1144 3145 1472 3208 descendat
1499 3145 1562 3207 in
1589 3148 1862 3208 ventrem
1887 3164 2114 3230 meum,

719 3227 785 3291 N
786 3251 862 3291 on
891 3237 1138 3310 attagen
1168 3229 1410 3292 Ionicus
1525 3230 1530 3234 ”

629 3312 678 3378 J
678 3313 990 3392 ucundior,
1021 3334 1200 3394 quam
1228 3314 1390 3376 lecta
1417 3314 1494 3377 de
1531 3310 1934 3399 pinguissimis

722 3395 899 3462 Oliva
927 3399 1106 3460 ramis
1134 3399 1415 3462 arborum
2005 3437 2008 3439 Δ

626 3481 762 3546 Aut
790 3482 975 3546 herba
1006 3483 1232 3566 lapathi
1262 3492 1436 3568 prata
1464 3484 1718 3550 amantis
1769 3490 1833 3550 et
1861 3485 2034 3572 gravi

716 3565 959 3631 Malvae
989 3569 1256 3633 salubres
1284 3570 1542 3654 corpori,

633 3653 755 3719 Vel
786 3674 944 3737 agua
970 3653 1141 3718 festis
1170 3676 1348 3719 caesa
1375 3655 1832 3740 TerminalibuS,

716 3738 840 3804 Vel
867 3741 1097 3806 haedus
1126 3749 1370 3828 ereptus
1398 3743 1558 3830 lupo.

2307 2059 2372 2108 ⁴⁰
