2675 4409
335 205 422 269 36

1201 224 1550 271 CARMINUM

1065 545 1543 613 CARMEN
1601 549 1685 615 V.

678 717 746 783 N
746 734 973 781 ONDUM
1003 717 1254 782 subacta
1284 719 1446 781 ferre
1467 721 1685 804 jugum
1708 722 1875 788 valet

677 803 952 884 Cerviee,
983 805 1246 868 nondum
1276 806 1481 869 munia
1506 808 1801 889 comparis

764 889 1054 972 Aequare
1110 911 1222 953 neo
1255 891 1414 951 tauri
1444 892 1676 954 ruentis
1841 965 1849 971 ‚

848 974 926 1037 In
956 995 1238 1038 venerem
1270 975 1532 1038 tolerare
1562 976 1816 1059 pondus.

678 1057 856 1121 Circa
884 1060 1145 1123 virentes
1177 1066 1270 1122 est
1302 1060 1534 1123 animus
1564 1067 1704 1125 tuae

681 1142 938 1227 Campos
956 1147 1279 1228 juvencae,
1309 1167 1471 1209 nuno
1501 1146 1695 1208 fluviis
1726 1168 1973 1229 gravem

766 1228 1025 1294 Solantis
1056 1238 1311 1310 aestum,
1333 1252 1494 1294 nuno
1526 1231 1588 1293 in
1616 1232 1738 1295 udo

851 1316 1090 1379 Ludere
1123 1338 1261 1380 eum
1290 1317 1492 1380 vitulis
1522 1317 1732 1381 salicto
1792 1350 1803 1363 ·

680 1400 1175 1484 Praegestientis.
1266 1402 1433 1467 Tolle
1464 1403 1808 1487 cupidinem

673 1485 931 1550 Immitis
961 1508 1114 1549 uvae
1141 1510 1156 1549 :
1194 1488 1332 1575 jam·
1354 1488 1460 1550 tibi
1490 1489 1702 1551 lividos

764 1571 1115 1653 Distinguet
1141 1572 1529 1635 Auetumnus
1558 1595 1831 1637 racemos

850 1656 1165 1739 Purpureo
1195 1657 1396 1719 varius
1427 1658 1645 1719 colore.

677 1739 724 1804 J
727 1761 824 1803 am
854 1747 916 1803 te
949 1747 1278 1823 sequetur:
1327 1742 1516 1803 currit
1544 1742 1703 1805 enim
1731 1742 1903 1808 ferox

676 1825 874 1889 Aetas
928 1831 991 1887 et
1019 1825 1106 1887 illi
1157 1846 1306 1909 quos
1335 1826 1443 1888 tibi
1472 1826 1803 1911 dempserit

761 1911 1051 1995 Apponet
1079 1932 1264 1974 annos
1290 1932 1306 1987 3
1343 1912 1472 1995 jam
1500 1920 1783 1994 proterva

847 1995 1072 2059 Fronte
1106 2002 1275 2079 petet
1295 1996 1524 2079 Lalage
1555 1997 1880 2060 maritum:

674 2078 920 2145 Dilecta
974 2088 1263 2164 quantum
1294 2102 1413 2144 non
1444 2081 1666 2143 Pholoe
1698 2082 1910 2165 fugax,

675 2164 743 2230 N
744 2187 820 2229 on
855 2164 1089 2229 Chloris
1122 2166 1255 2230 albo
1286 2167 1373 2229 sio
1402 2167 1651 2231 humero
1679 2167 1904 2249 nitenS,

758 2250 854 2316 Ut
880 2272 1035 2336 pura
1061 2260 1353 2315 nocturno
1383 2252 1619 2315 renidet

847 2336 1023 2401 Luna
1050 2337 1223 2417 mari,
1256 2335 1581 2401 Cnidiusve
1614 2336 1849 2421 Gyge3‚

677 2420 870 2496 Quem
902 2422 952 2485 si
982 2423 1316 2505 puellarum
1346 2424 1646 2485 insereres
1677 2423 1861 2486 choro

674 2507 836 2572 Mire
867 2528 1118 2589 sagaces
1149 2508 1389 2571 falleret
1418 2506 1684 2590 hospites

758 2592 1101 2657 Discrimen
1131 2594 1449 2657 obscurum
1480 2592 1689 2656 solutis

847 2677 1127 2743 Crinibus
1155 2680 1550 2764 ambiguoque
1578 2679 1773 2744 vultu.

1015 3086 1487 3152 CARMEN
1545 3084 1705 3153 VI.

673 3428 971 3508 Sarum,
1002 3424 1207 3491 Gades
1238 3426 1471 3489 aditure
1502 3446 1739 3489 mecum
1769 3429 1835 3487 et

675 3514 1044 3577 Cantabrum
1074 3511 1381 3574 indoctum
1398 3533 1553 3659 {eiga
1580 3512 1741 3575 ferre
1772 3514 1980 3574 nostra
2031 3514 2098 3575 et

669 3598 972 3663 Barbarae
1005 3596 1219 3681 Syrtes
1271 3584 1385 3660 ubi’
1447 3596 1628 3662 Iaura
1656 3616 1895 3686 semper

1009 3683 1274 3746 Aestuat
1300 3683 1490 3766 unda,

2364 1509 2430 1557 lo

2364 1932 2431 1981 15
